2858 5018
715 518 908 571 -120-

279 689 372 754 modo
399 693 434 754 in
464 691 563 757 titulo
596 692 630 758 Ρ.
654 693 696 759 Η.
733 694 774 758 10
807 694 928 758 formae
958 693 1008 759 τοί
1040 699 1074 759 et
1106 691 1134 760 οἱ
1164 698 1343 758 occurrant.

279 794 383 864 τοῦτοι
405 799 504 863 etiam
528 806 638 865 exstat
660 799 687 867 Ι.
713 798 755 866 G.
778 800 847 867 Ius.
873 802 949 867 694.
976 801 1026 865 16.

373 941 410 1026 4)
435 945 528 1026 κῆνος
549 942 671 1029 legitur
694 943 730 1009 P.
747 944 788 1012 Η.
815 945 866 1011 37.
891 944 945 1012 25.
968 940 1078 1032 andei]
1102 946 1136 1009 Ρ.
1154 942 1196 1009 Η.
1222 942 1276 1006 37.
1298 941 1345 1006 32.

281 1044 418 1135 &reddor
441 1048 478 1112 Ρ.
502 1048 542 1114 Η.
569 1049 643 1118 325.
672 1052 721 1117 13.

766 1269 785 1345 o
810 1263 861 1328 32.

682 1413 737 1484 De
765 1413 948 1484 adverbiis.

372 1583 422 1646 De
447 1584 672 1649 adverbiorum
688 1587 781 1649 incr
796 1585 989 1648 formatione
1012 1589 1110 1668 atque
1134 1582 1168 1644 vi
1185 1581 1225 1644 cf.
1243 1580 1350 1644 Blass-

282 1687 430 1773 Kiihner,
455 1690 582 1756 Griech.
600 1690 745 1758 Gramm.
763 1691 821 1755 Bd.
839 1692 870 1755 2.
891 1713 965 1776 pag.
983 1689 1048 1753 303
1071 1710 1149 1773 seq.‚
1168 1686 1209 1754 G.
1227 1688 1350 1771 Meyer,
1401 1735 1404 1742 .

286 1792 415 1861 Griech.
441 1795 603 1860 Gramm.²
625 1822 656 1884 p.
681 1799 756 1864 341.

373 1941 399 1984 a.
431 1919 599 1986 Adverbia
633 1922 735 1986 modi:
775 1917 919 1988 ἀσπονδεί
947 1921 984 1984 P.
1008 1919 1049 1987 H.
1084 1921 1113 1981 1.
1149 1919 1188 1980 11
1224 1924 1260 1982 et
1291 1923 1351 1999 ter,

283 2019 388 2089 ἀσυλεί
409 2025 445 2091 P.
471 2026 513 2089 Η.
541 2030 568 2094 1.
596 2031 632 2091 11
660 2036 693 2093 et
716 2036 841 2112 quater.

374 2149 402 2214 b.
429 2149 597 2217 Adverbia
619 2153 682 2217 loci
706 2151 836 2216 Doridis
861 2156 991 2236 propria
1014 2154 1107 2214 sunt:

358 2253 438 2322 -ὃπεῖ
460 2258 495 2321 Ρ.
522 2258 562 2320 Η.
588 2260 664 2359 367
688 2260 741 2340 63,
765 2256 873 2346 nadal
899 2258 935 2322 Ρ.
953 2256 993 2320 Η.
1016 2256 1067 2323 37.
1086 2257 1138 2322 32.
1164 2255 1203 2318 cf.
1230 2259 1250 2336 ξ
1277 2255 1355 2320 7.1.

374 2363 542 2430 Adverbia
561 2368 594 2429 in
620 2391 662 2431 -α
684 2365 839 2450 reliquias
868 2386 938 2428 esse
966 2384 1061 2427 casus
1094 2361 1357 2426 instrumentalis

284 2471 318 2532 in
336 2469 461 2535 Graeca
484 2471 598 2557 lingua
621 2472 778 2557 deperditi
802 2474 886 2536 inter
909 2459 1189 2535 homines'doctos
1215 2473 1355 2533 constat.

286 2578 325 2642 cf.
351 2576 390 2642 G.
416 2578 538 2663 Meyer,
564 2578 621 2645 Gr.
647 2579 808 2643 Gramm.2
830 2601 861 2662 p.
888 2579 963 2643 365.

375 2681 456 2750 αὐτά
478 2686 515 2752 Ρ.
539 2687 580 2751 Η,
609 2687 659 2754 14.
686 2687 736 2749 12.

374 2794 542 2858 Advcrbia
564 2797 621 2857 in·
635 2819 658 2858 o
682 2794 839 2878 reliquiae
856 2792 995 2856 ablativi
1010 2793 1045 2853 iu
1059 2828 1070 2839 ·
1083 2813 1128 2854 ωτ
1143 2810 1215 2853 esse
1242 2787 1354 2852 viden·

166 2925 168 2930 ·
284 2905 355 2982 tur3
380 2900 419 2964 cf.
444 2900 713 2964 Blass-Kiihner
737 2900 794 2966 Gr.
820 2898 963 2963 Gramm.
990 2895 1048 2960 Bd.
1073 2897 1104 2962 2.
1128 2918 1161 2980 p.
1189 2895 1266 2961 306.

375 3003 475 3073 conca
498 3007 534 3073 P.
560 3008 600 3071 H.
626 3007 678 3072 37.
703 3006 755 3072 28.
781 3008 820 3071 of.
845 3011 864 3087 ξ
892 3007 940 3086 17,
966 3005 994 3068 5.

375 3113 579 3178 Vocabulum
612 3113 684 3192 ἔξαν
711 3114 933 3177 accusativum
965 3110 1265 3175 adverbiascentem
1299 3130 1355 3174 vo·

288 3219 395 3282 cabuli
419 3219 495 3297 *itu
517 3242 587 3286 esse
610 3228 705 3307 putat
730 3219 878 3293 Scholia,
902 3218 1035 3294 Quaest.
1061 3238 1110 3300 ep.
1137 3215 1212 3281 293.

377 3324 446 3404 ἕξαν
470 3333 579 3390 exstat
601 3328 637 3391 P.
662 3328 702 3393 H.
729 3327 803 3393 367.
829 3327 882 3389 81.

768 3563 787 3640 a
812 3558 865 3622 aa.

622 3709 678 3779 Dc
698 3706 1023 3799 praepositionibus,

378 3877 438 3945 ἀνά
462 3900 624 3966 apocopen
649 3881 773 3964 patitur
797 3883 873 3942 ante
897 3897 1087 3941 consonam:

379 4000 417 4068 ἀν
440 4006 474 4069 δέ
495 4005 532 4068 Ρ.
558 4005 598 4070 Η.
625 4004 698 4070 198.
723 4004 753 4067 2.

380 4106 451 4174 ἀντί
473 4112 507 4173 in
531 4112 694 4175 sententia
716 4105 787 4174 ἀντὶ
817 4106 924 4183 νυκτός
947 4107 982 4172 Ρ.
1007 4106 1049 4169 Η.
1074 4105 1127 4171 37.
1152 4104 1195 4170 43
1227 4103 1365 4169 exhibet

292 4215 560 4302 significationem
587 4217 649 4297 ,fiir
672 4217 743 4280 cine
767 4214 896 4280 Nacht‘.
