2946 5018
552 518 728 570 ..21-

100 696 216 762 titulis
243 697 278 762 P.
293 696 333 759 H.
359 697 510 763 99-101
539 701 573 759 et
595 696 660 759 415
685 694 838 759 iudicium
862 693 938 757 ferri
966 715 1030 757 non
1054 698 1172 776 potest,

101 790 223 869 cumbi
246 804 299 868 vel
322 827 343 887 η
366 805 399 866 in
429 803 470 866 iis
495 825 559 867 non
584 811 740 867 occurrat.
787 801 919 884 Reliqui
948 799 1040 864 tituli
1063 819 1174 863 omnes

102 909 264 975 Doridem
287 909 445 974 exhibent
469 909 521 974 vel
545 917 631 975 certe
659 930 838 973 sermonem
862 907 1031 993 vulgarem
1062 906 1174 969 formis

103 1018 238 1082 Doricis
254 1018 489 1082 intermixtam.
520 1015 650 1080 Titulus
673 1016 709 1082 P.
723 1015 765 1080 H.
792 1014 854 1081 102
878 1035 1023 1078 sermone
1046 1011 1175 1098 vulgari

102 1126 307 1207 compositus
331 1131 382 1188 est
407 1125 607 1210 praescripto
631 1115 653 1188 ἁ
676 1116 771 1204 βουλὰ
792 1119 847 1186 καὶ
869 1118 884 1186 ὃ
908 1123 1006 1205 δᾶμος
1021 1125 1054 1183 et
1072 1118 1175 1182 forma
1270 1156 1271 1159 =

87 1228 274 1313 κέτείμαοαν
291 1233 451 1316 exceptis3
467 1229 586 1295 titulus
602 1230 638 1298 P.
652 1229 694 1292 H.
710 1230 777 1295 410
792 1228 925 1293 exhibet
941 1225 1175 1290 dedicationem

102 1328 122 1400 ὃ
147 1339 246 1420 δᾶμος
267 1333 282 1402 b
302 1333 505 1421 'lancionici
540 1345 574 1401 et
603 1339 637 1400 in
667 1335 788 1400 titulno
812 1335 847 1399 Ρ.
861 1335 902 1398 Η.
936 1334 1001 1396 345
1029 1350 1175 1395 sermone

103 1440 238 1527 vulgari
271 1444 450 1527 composito
493 1449 625 1507 exstant
654 1443 776 1507 formae
810 1441 987 1528 sipuba'rsu
1022 1460 1051 1502 v.
1086 1439 1107 1503 8
1143 1444 1176 1500 et

102 1545 208 1632 δάμου
231 1570 261 1612 v.
288 1549 338 1615 10.

201 1653 237 1718 Si
261 1655 301 1718 ad
325 1676 380 1719 eos
404 1663 598 1741 spectamus,
616 1657 671 1738 qni
694 1654 753 1718 hos
769 1653 883 1719 titulos
903 1649 1067 1737 ponendos
1078 1669 1175 1717 ,cura-

104 1767 230 1826 verunt
253 1761 401 1826 videmus
424 1762 521 1847 plane
545 1784 656 1827 omnes
679 1762 794 1827 titulos
811 1759 965 1824 Doridem
985 1757 1176 1821 exhibentes

106 1869 152 1932 ab
177 1889 211 1932 re
233 1868 365 1952 pubhca
389 1871 585 1935 constitutos
609 1891 689 1934 esse.
725 1870 767 1932 In
789 1868 896 1933 titulis
920 1867 957 1929 P.
970 1866 1011 1929 H.
1034 1862 1175 1942 tei-80,

108 1973 241 2037 74-91
268 1981 301 2038 et
325 1974 457 2039 95-98
480 1977 613 2041 nomina
636 1997 758 2056 eorum,
782 1974 920 2059 quihus
948 1971 1176 2054 inscriptiones

106 2080 296 2144 scribendas
319 2080 549 2165 ponendasque
573 2087 769 2146 curaverunt
792 2103 856 2145 non
881 2079 1067 2143 afferuntur.
1096 2067 1176 2150 Qui·

104 2187 171 2250 bus
193 2209 266 2251 oum
294 2188 329 2250 in
356 2187 463 2252 titulis
487 2188 612 2270 Niciae,
636 2188 857 2274 Xenophonti,
880 2186 973 2253 Aelio
997 2184 1176 2249 Sabiniano

107 2315 229 2357 nomen
253 2291 413 2378 εὐεργέτας
429 2292 487 2369 τᾶς
503 2295 649 2381 πατρίδος
671 2294 775 2374 detur,
798 2300 934 2379 apparet
950 2313 1004 2356 eos
1021 2291 1062 2354 ab
1086 2309 1176 2351 sena·

107 2407 147 2462 tu
181 2401 363 2485 populoque
396 2399 533 2465 Oocrum
565 2405 689 2487 positos
722 2424 803 2468 esse.
860 2400 923 2465 Sed
958 2399 1039 2462 bene
1071 2396 1176 2460 Paton

110 2513 223 2570 monet
245 2508 467 2592 inscriptionis
490 2509 632 2574 eiusdem
657 2510 751 2594 plura
766 2509 965 2594 exempla-
980 2504 1070 2570 tituli
1086 2503 1122 2567 P.
1134 2501 1175 2564 H.

111 2613 254 2693 76-80,
279 2613 408 2680 84-91
435 2623 469 2679 et
492 2616 623 2682 95-97
648 2619 732 2681 inter
756 2639 790 2680 se
819 2614 915 2701 plane
945 2611 1057 2676 eadem
1081 2629 1176 2674 voca·

107 2719 189 2783 bula
213 2721 469 2786 exhibent-in
493 2723 623 2808 publico
647 2726 755 2808 posita
782 2725 882 2786 fnisse
911 2743 973 2784 non
1000 2716 1176 2783 verisimile

109 2847 192 2892 esse.
239 2825 331 2901 Quae
355 2851 550 2914 quamquam
575 2832 623 2895 ita
647 2852 681 2894 se
705 2831 823 2895 habere
846 2851 940 2914 posse
964 2826 1082 2890 Patoni
1104 2824 1176 2886 viro

109 2931 206 2997 docto
230 2935 380 3018 concedo,
405 2943 515 2999 tamen
547 2959 586 3000 ex
619 2957 658 3000 ea
686 2958 731 3019 re,
763 2935 847 3021 quod
879 2936 912 2998 hi
945 2931 1035 2999 tituli
1066 2951 1176 2995 omnes

109 3038 264 3103 Doridem
297 3063 472 3126 omnesque
501 3042 612 3106 eadem
636 3043 797 3107 vocabula
825 3042 989 3120 exhibent,
1022 3058 1177 3124 apparere

110 3146 241 3211 videtur
272 3168 383 3212 omnes
414 3149 473 3214 hos
503 3149 620 3214 titulus
651 3172 690 3214 ex
724 3151 921 3234 praescripto
950 3145 1080 3231 publico
1110 3144 1177 3206 des-

111 3254 233 3336 criptos
258 3274 338 3317 esse.
370 3253 456 3319 Nam
473 3255 581 3320 titulis
605 3280 668 3321 non
685 3256 823 3342 publicis
848 3243 1178 3337 aevo'imperatorum

111 3357 266 3422 Doridem
300 3382 430 3446 perraro
462 3365 612 3447 usurpari
639 3385 678 3427 ex
713 3364 870 3426 sescentis
902 3361 1099 3425 testimoniis
1129 3359 1177 3420 in·

112 3463 294 3548 tellegitur.

204 3570 361 3636 Videmus
391 3575 493 3659 igitur
521 3573 603 3641 Coos
632 3579 666 3639 in
697 3575 804 3641 titulis
835 3574 973 3661 publicis
1002 3572 1109 3656 primi,
1133 3569 1177 3632 al-

112 3678 217 3741 terius
242 3684 341 3763 atque
364 3681 464 3743 etiam
489 3683 579 3747 tertii
602 3707 633 3768 p.
658 3680 732 3748 Chr.
759 3705 788 3746 n.
814 3680 935 3746 saeculi
958 3677 1078 3774 Doride
1105 3696 1178 3739 usos

111 3805 194 3868 esse,
219 3806 292 3847 cum
316 3787 350 3848 in
374 3787 472 3850 titulo
496 3788 532 3854 P.
546 3788 588 3854 H.
604 3790 670 3852 413
692 3791 726 3852 in
751 3789 903 3853 honorem
921 3786 1025 3851 Getae
1041 3786 1178 3867 impera-

110 3892 194 3955 toris
211 3894 389 3976 composito
406 3895 567 3958 vocabula
589 3888 604 3960 ὁ
629 3892 727 3980 δᾶμος
749 3888 763 3960 ὁ
783 3889 975 3979 Ἰσὶομιωτᾶν
999 3896 1177 3956 occurrant.

109 3996 175 4060 Est
196 3995 289 4060 fucus
313 3997 444 4081 qnidam
467 3999 605 4064 Doricus
629 4007 699 4064 arte
723 4008 756 4064 et
780 3999 913 4064 consilio
938 4003 1098 4077 servatus,
1122 3995 1179 4078 qui

110 4104 153 4168 ab
178 4125 326 4179 sermone
350 4106 480 4191 vulgari
507 4108 604 4194 plane
636 4109 741 4172 solum
772 4130 810 4172 ea
840 4129 874 4170 re
905 4106 1017 4187 distat,
1051 4103 1134 4189 quod
1159 4127 1180 4166 α

108 4210 211 4295 longa
233 4233 292 4296 pro
316 4237 336 4298 η
360 4212 465 4278 locum
490 4236 584 4278 suum
608 4223 709 4298 tenet,
733 4237 804 4278 cum
829 4216 937 4278 omnia
961 4213 1027 4276 alia
1048 4209 1179 4275 Doridis
