2858 5018
490 586 666 640 „87-

45 763 98 828 sed
122 765 294 829 Δευκοὶῖέαι
316 763 423 848 legere
447 763 543 848 plane
567 787 631 827 non
656 764 860 849 permittunt,
886 787 959 829 oum
981 763 1112 855 litterae

44 892 63 953 η
87 868 192 933 solum
216 868 304 932 tinea
327 876 515 933 transversa
538 869 636 935 absit.
674 869 784 934 Aliter
807 869 902 934 Prott
926 876 959 936 et
979 870 1110 952 Ziehen,

43 975 149 1059 Leges
173 973 372 1040 Graecorum
397 995 506 1039 saerae
529 974 558 1040 Ι.
582 998 612 1060 p.
644 974 687 1037 24
720 977 776 1060 qui
804 977 950 1041 aeribunt
975 978 1111 1042 deonot-

42 1079 166 1169 (e'or)[r]?
213 1081 381 1156 Quomodo
405 1082 484 1145 haee
507 1082 610 1145 forma
633 1081 745 1146 Ionica
768 1084 803 1145 in
827 1083 923 1148 titulo
941 1082 1006 1148 Coo
1031 1085 1111 1146 satio

40 1190 177 1278 antiquo
207 1187 399 1272 explicanda
431 1189 506 1252 est?
552 1189 603 1252 Ex
633 1189 740 1254 titulis
770 1187 845 1254 Cois
874 1213 939 1255 non
966 1195 1111 1274 apparet,

41 1316 106 1378 qua
130 1317 170 1359 ex
194 1301 285 1380 parte
310 1293 467 1360 Graeciae
491 1293 549 1359 Coi
581 1295 704 1359 nultum
735 1296 831 1359 huius
862 1295 940 1360 deae
968 1298 1110 1360 marinae

34 1403 233 1486 receperint.
265 1401 356 1477 Quae
381 1424 453 1466 oum
478 1402 537 1466 dea
561 1404 687 1465 marina
707 1403 856 1466 omnibns
880 1405 914 1466 in
932 1406 995 1468 oris
1012 1405 1111 1467 marie

38 1508 270 1573 mediterranei
308 1509 483 1592 coleretur,
524 1509 661 1574 fortasse
699 1510 751 1572 hio
783 1509 890 1575 oultus
922 1533 961 1574 ex
999 1511 1111 1576 Ionica

36 1617 181 1700 quadam
215 1616 292 1680 urbe
324 1617 363 1680 ad
395 1614 478 1681 Coos
513 1619 605 1680 venit
635 1617 810 1701 Ionioaque
838 1619 979 1682 nominis
1008 1619 1112 1681 forma

34 1725 198 1787 remansit
232 1717 403 1808 praecipue
434 1744 506 1787 oum
538 1723 661 1804 Mileti,
697 1723 788 1805 Chii,
826 1724 1015 1810 Larnpsaoi‚
1050 1725 1109 1788 Tei

35 1831 184 1913 vestigia
211 1832 281 1893 eius
309 1833 551 1893 invenerantur.
580 1831 619 1894 of.
651 1830 788 1911 Preller,
819 1830 954 1912 Robert,
979 1831 1108 1896 Grieoh.

36 1936 199 2018 Mythol.2
219 1960 249 2022 p.
272 1937 458 2003 601-602.
488 1937 536 2002 At
554 1938 592 2002 of.
607 1936 715 2021 Wide‚
733 1937 859 2002 Latron.
884 1938 986 2002 Koite
998 1962 1029 2022 p.
1044 1938 1109 2002 228

34 2048 73 2106 et
98 2042 255 2124 Rosoher‚
281 2043 431 2107 Lexikon
455 2044 483 2107 d.
509 2045 629 2128 grieeh.
654 2044 719 2107 und
740 2054 817 2108 rdm.
835 2045 1039 2130 Mythologie
1062 2046 1109 2111 II.
1217 2038 1219 2042 ¹

32 2171 68 2232 p.
98 2149 199 2214 2015.

130 2290 163 2376 d)
187 2292 306 2356 Forma
330 2293 410 2378 ἱερῆς
435 2295 469 2361 P.
494 2293 535 2360 Η.
561 2295 634 2360 386.
660 2295 679 2361 9
704 2294 927 2359 videturesse
951 2298 1110 2360 accusati-

37 2404 102 2462 rua
126 2399 208 2483 plur.
233 2399 272 2462 ad
298 2397 378 2485 ἱερὴ,
403 2402 624 2465 nominativus
649 2398 712 2486 ἱερή
741 2425 780 2465 ex
804 2401 899 2489 *[ερέη
924 2409 1031 2467 exstat
1060 2403 1109 2466 bia

38 2507 72 2567 in
109 2506 217 2568 titulis
251 2507 387 2589 Ionioia;
417 2508 455 2570 of.
487 2506 637 2586 Beehtel,
666 2509 727 2570 Die
759 2508 955 2572 Insohriften
984 2509 1013 2573 d.
1041 2513 1109 2594 jon.

37 2611 186 2675 Dialeeta
216 2614 250 2674 in
276 2613 440 2676 Abhandl.
466 2613 494 2678 d.
521 2613 714 2678 GottGea
734 2615 769 2679 d.
796 2615 896 2680 Wias.
922 2616 981 2681 Bd.
1004 2617 1048 2681 34
1076 2639 1107 2678 n.

35 2701 103 2784 '125
129 2725 162 2781 et
189 2718 261 2784 150.
309 2718 384 2805 ἱρείη
408 2720 494 2806 apud
517 2720 637 2784 Herod.
661 2722 688 2789 I.
717 2722 778 2784 175
803 2729 836 2809 et
859 2721 900 2787 V.
927 2723 968 2785 72
992 2727 1107 2787 exstat.

129 2862 162 2944 e)
187 2861 237 2924 De
262 2862 455 2946 quibusdam
479 2865 591 2927 formis
614 2864 748 2944 Ionicis,
773 2885 854 2946 quae
879 2869 1051 2928 ooeurrunt
1074 2867 1106 2926 in
1235 2946 1237 2949 ι
1262 2911 1264 2914 <

38 2966 145 3030 titulis
169 2969 241 3031 aevi
266 2970 497 3054 imperatorum
520 2970 603 3034 nihil
627 2972 707 3034 certi
731 2972 816 3034 seio:

128 3087 297 3175 ἀρχιερείης
328 3093 363 3158 Ρ.
393 3093 435 3159 H.
469 3095 541 3156 141.
577 3096 628 3175 11,
659 3090 790 3177 εὐγενίης
821 3094 864 3158 H.
897 3094 932 3157 P.
965 3094 1037 3159 323.
1079 3099 1106 3160 1.

39 3197 162 3280 χρυσέηι
196 3198 232 3260 Ρ.
258 3198 299 3260 Η.
340 3200 391 3265 73.
429 3200 446 3262 7
487 3202 520 3262 in
556 3200 671 3281 titum,
708 3203 763 3284 qui
798 3200 838 3264 ad
874 3201 1107 3266 Alexandriam

40 3305 191 3384 pertinet.
835 3326 840 3339 ·

408 3449 439 3512 2.
465 3449 514 3513 De
537 3449 736 3514 masculinia

398 3591 425 3656 I.
450 3592 582 3655 nomina
605 3593 745 3677 propria.

127 3713 200 3776 Hue
229 3717 394 3803 pertinent
420 3719 552 3780 nomina
584 3719 713 3802 propria
743 3719 879 3799 1η-δας,
904 3738 994 3799 -τας,
1018 3721 1106 3798 -λας,

42 3813 184 3903 -αγόρας,
209 3842 293 3904 -εας,
319 3844 390 3898 -ιας
417 3830 450 3887 et
477 3845 564 3903 -υας,
596 3846 731 3922 quornm
761 3825 892 3887 nomina
920 3818 1106 3907 ἰη-αγόρας

43 3929 71 3986 et
94 3946 164 4001 -ιας
195 3929 293 3990 etiam
317 3930 349 3991 in
375 3927 512 3994 dialecto
536 3929 652 3994 Attica
683 3955 704 3994 α
727 3930 891 3994 exhibent.

126 4052 347 4116 nominativus
372 4056 455 4139 sing.

125 4173 160 4258 a)
186 4177 281 4250 -ὃαςε
301 4171 496 4260 Ἀγασιάδας
520 4178 554 4245 P.
580 4177 621 4240 Η.
646 4179 722 4259 431,
747 4178 918 4255 Αἰαντίδας
940 4179 975 4242 P.
997 4179 1037 4244 H.
1065 4179 1105 4241 12

37 4289 66 4341 ἃ.
94 4279 144 4360 12,
164 4275 279 4357 Ἀΐδας
302 4282 338 4348 P.
363 4283 404 4347 H.
429 4285 505 4351 419.
530 4284 562 4367 2,
581 4281 817 4369 Ἀριστιππίδας
834 4290 881 4351 P.
906 4286 947 4348 H.
972 4287 1047 4349 406.
1073 4285 1105 4367 8,
