2858 5018
163 93 201 178 b)
235 96 378 175 nomina,
413 115 495 179 quae
531 96 629 160 etiam
666 96 700 158 in
735 95 874 160 dialeete
896 95 1011 161 Attica
1043 83 1141 160 οἶοι-

50 195 189 265 hibent
200 227 206 265 :

162 307 281 393 ταμίας
298 307 331 374 Ρ.
350 307 392 372 Η.
410 307 485 371 384.
507 308 556 390 16,
572 307 689 393 repeto
705 308 746 377 D.
763 309 790 374 I.
810 307 905 376 3632.
923 309 966 372 23
983 316 1016 375 et
1032 309 1141 374 semel.

165 437 192 480 e.
216 416 337 479 formae
357 414 521 498 vulgares.

162 519 366 606 ἀναγνωστής
389 521 425 584 Ρ.
441 521 483 586 Η.
507 522 581 589 238,
609 522 638 604 3,
664 519 821 608 εὐεργέτην
846 523 881 591 Ρ.
898 523 941 587 Η.
965 524 1018 591 94.
1046 524 1084 586 11
1110 528 1144 586 et

59 628 185 704 semel,
208 627 380 713 τετράρχην
403 629 439 695 Ρ.
464 628 506 692 Η.
533 628 585 695 to.
611 629 641 695 3.

559 890 578 967 e
606 886 656 951 17.

291 1053 346 1124 De
374 1053 600 1124 declinatione
628 1055 789 1145 stirpium
817 1056 853 1125 to
873 1094 888 1105 -
903 1070 928 1113 0·

167 1225 201 1307 1)
226 1222 408 1288 Genetivus
440 1225 523 1309 sing.
548 1225 582 1286 in
614 1224 721 1288 titulis
746 1223 821 1289 Cois
855 1246 981 1310 semper
1013 1228 1081 1290 exit
1109 1228 1142 1288 in

72 1354 138 1395 -ον,
186 1331 227 1393 In
251 1329 357 1394 titulis
382 1330 530 1394 versibus
555 1330 752 1397 hexametris
777 1334 966 1417 oompositis
996 1334 1143 1417 genetivi

73 1437 158 1520 epici
180 1437 214 1500 in
239 1459 308 1502 -οιο
332 1437 411 1501 haee
435 1443 567 1502 exstant
590 1440 793 1503 testimonia:
817 1435 927 1523 ἠελίοιο
952 1439 988 1502 Ρ.
1006 1439 1047 1504 H.
1066 1439 1141 1503 343.

74 1543 105 1625 5,
125 1542 265 1628 Ἰσῢμοῖο
290 1544 326 1610 P.
351 1544 392 1607 H.
418 1545 470 1611 58.
496 1545 525 1610 7.

164 1687 200 1771 2)
225 1687 401 1752 Loeativus
425 1690 528 1752 Πνὶιοί
551 1692 661 1751 exstat
692 1688 726 1750 in
754 1689 852 1752 titulo
882 1688 1029 1754 versibus
1058 1712 1142 1755 oom-

76 1794 181 1876 posito
218 1793 255 1858 P.
286 1794 328 1856 H.
360 1795 412 1860 58.
444 1796 479 1876 63
512 1794 551 1858 of.
587 1793 627 1860 G.
657 1795 781 1878 Meyer,
815 1794 944 1863 Grieeh.
981 1794 1143 1861 Gramnr.²

77 1921 105 1982 p.
129 1901 205 1967 341.

164 2042 200 2125 3)
228 2042 341 2105 Dativi
366 2042 447 2126 plur.
473 2043 505 2105 in
521 2079 531 2090 ·
547 2040 590 2118 οις
621 2044 656 2105 in
686 2042 793 2106 titulis
818 2041 893 2106 Cois
925 2047 1070 2109 oratione
1094 2066 1142 2109 so·

76 2143 144 2212 luta
178 2149 366 2233 compositis
402 2154 533 2212 exstant
568 2155 698 2213 eentum
722 2149 869 2213 undecim
897 2150 1054 2234 exempla.
1102 2151 1142 2214 In

75 2256 182 2319 titulis
210 2256 357 2318 versibus
390 2255 587 2319 hexametris
618 2257 807 2340 compositis
843 2257 943 2320 etiam
973 2257 1078 2322 dativi
1107 2259 1141 2320 in

72 2360 190 2450 -οισι[ν]
215 2370 395 2426 occurrunt.

163 2484 292 2552 αὐλοῖσιν
323 2487 359 2550 P.
385 2487 424 2552 H.
460 2486 512 2553 58.
538 2490 569 2569 5,
605 2487 865 2571 Hoooffinroriotem
897 2488 931 2553 P.
961 2487 1003 2554 H.
1033 2488 1085 2555 58.
1111 2490 1142 2570 9,

67 2588 263 2680 στεφάνοισιν
288 2587 322 2659 Ρ.
347 2594 389 2659 Η.
413 2595 487 2658 418.
512 2595 543 2676 3,
568 2596 739 2681 ρῖιιμένοισι
761 2595 797 2660 Ρ.
824 2595 863 2660 Η.
889 2595 964 2661 218.
990 2596 1020 2659 6.

165 2735 201 2814 4)
230 2734 446 2799 Aenusativus
477 2735 559 2819 plur.
592 2737 631 2799 ef.
663 2735 792 2798 Ahrens
826 2735 865 2799 de
896 2734 971 2802 dial.
1001 2737 1079 2802 Dor.
1110 2761 1141 2822 p.

68 2844 137 2907 172
163 2863 252 2926 seqq.
278 2841 318 2907 G.
344 2843 457 2925 Meyer
481 2841 537 2907 Gr.
563 2842 724 2909 Ηναιιιαι,2
748 2867 778 2927 p.
804 2845 868 2907 286
892 2852 926 2908 et
949 2843 1024 2909 347.

162 2967 355 3032 Aeousativi
380 2968 462 3051 plur.
487 2970 521 3030 in
545 2968 659 3052 lingua
681 2967 807 3033 Graeca
829 2970 973 3052 genuina
989 2970 1141 3031 termine-

66 3076 120 3139 tio
154 3078 205 3137 est
230 3095 293 3163 -νς,
325 3096 407 3158 qnae
436 3075 630 3158 quibusdem
662 3077 696 3137 in
728 3075 875 3140 dialectis
907 3076 1073 3155 remansit,
1108 3077 1140 3138 in

70 3181 148 3245 aliis
172 3180 381 3265 productione
405 3181 605 3266 suppletoria
628 3183 661 3245 in
687 3203 760 3261 -ως,
783 3202 850 3257 -οις
872 3188 905 3246 et
922 3203 996 3258 -ονς
1015 3187 1143 3245 mutata

72 3295 132 3353 est.
180 3288 381 3352 Terminatio
406 3310 473 3372 -ος,
498 3310 580 3372 qnae
609 3291 642 3351 in
668 3289 787 3352 Doride
821 3290 960 3352 occurrit
985 3296 1062 3353 'orta
1093 3295 1143 3352 est

74 3399 150 3458 ante
185 3395 344 3459 voeabula
374 3417 393 3458 a
426 3418 566 3462 consona
599 3396 712 3460 littera
742 3397 943 3482 incipientia.
998 3395 1071 3471 Qua
1103 3395 1142 3458 de
1186 3414 1189 3417 ·

75 3521 171 3564 eausa
202 3503 236 3564 in
269 3502 375 3567 titulis
400 3501 475 3566 Cois
504 3511 579 3568 ante
612 3503 738 3567 vocales
768 3505 1032 3568 terminationem
1057 3523 1142 3585 -ονς,

75 3627 144 3670 eum
168 3607 297 3671 litterae
322 3633 344 3673 ω
368 3609 401 3671 in
426 3608 546 3673 Doride
576 3609 787 3693 productione
819 3610 1020 3696 suppletoria
1051 3614 1141 3672 ortae
