2946 5018
762 541 936 593 ..13-

317 714 356 781 cf.
379 715 608 797 Meisterbans,
642 715 788 782 Gramm.
813 715 843 783 d.
869 723 928 782 att.
962 717 1103 784 Ιιινιιίιι.2
1134 741 1164 803 p.
1192 718 1270 802 1393
1302 719 1382 784 dicit

317 821 451 887 formam
475 819 613 907 χράσίιαι
635 845 800 888 occurrere
823 823 898 889 inde
922 825 963 888 ab
987 827 1070 889 inito
1094 825 1230 891 alterius
1261 846 1291 889 a.
1309 824 1384 892 Obr.

315 952 345 996 n.
371 927 494 994 saeculi
522 934 620 1013 atque
648 933 788 1014 primum
823 932 964 995 inveniri
989 933 1022 995 in
1045 932 1143 997 titulo
1174 937 1327 998 exstante
1352 934 1386 996 in

315 1035 394 1100 Ath.
419 1035 513 1099 Mith.
540 1036 570 1100 9.
595 1058 625 1119 p.
651 1036 726 1099 289.
751 1037 794 1100 24
817 1034 989 1125 ppdleircnl.
1025 1037 1079 1102 Ad
1102 1039 1241 1103 alterum
1259 1060 1288 1104 a.
1307 1036 1384 1103 Ohr.

315 1165 345 1208 n.
371 1141 535 1206 saeculum
560 1144 658 1206 etiam
683 1149 792 1227 partes
817 1165 834 1208 c
857 1152 891 1210 et
920 1143 941 1206 d
969 1147 1192 1230 inscriptionis
1216 1146 1253 1209 P.
1273 1145 1317 1210 H.
1344 1146 1387 1210 36

316 1248 498 1313 referendas
523 1269 593 1312 esse
621 1257 711 1333 puto,
744 1269 817 1313 cnm
845 1252 879 1313 in
908 1252 948 1314 iis
973 1275 983 1315 ι
1006 1252 1227 1336 subscriptum
1258 1273 1389 1338 semper

313 1356 420 1420 locum
452 1377 545 1419 suum
577 1357 717 1421 retineat
753 1379 857 1441 neque
894 1381 1047 1443 umquam
1079 1361 1251 1425 omittatur
1279 1380 1389 1443 neque

314 1463 397 1526 falso
420 1462 491 1527 loco
515 1461 728 1529 adscribatur.

403 1569 529 1633 Deinde
553 1591 732 1635 sermonem
751 1570 918 1655 vulgarem
942 1570 1075 1647 exhibet
1098 1571 1216 1636 titulus
1240 1572 1277 1637 P.
1291 1571 1336 1636 H.
1356 1573 1388 1655 8,

316 1678 422 1760 quiet
444 1678 514 1762 ipse
531 1677 571 1740 ad
587 1677 727 1741 alterum
743 1677 908 1741 saeculum
925 1680 1076 1763 pertinet.
1097 1679 1241 1744 Exstant
1256 1680 1390 1765 βέβηκεν

315 1806 345 1848 v.
370 1785 392 1846 4
415 1789 448 1847 et
471 1784 503 1867 ὃ,
526 1783 645 1868 χαλκήν
669 1791 705 1847 at
727 1784 831 1848 forma
856 1784 975 1848 Dorica
998 1781 1086 1869 ἀμῶν
1109 1808 1140 1848 v.
1165 1786 1197 1849 b.

830 1983 861 2046 4.

402 2106 453 2168 Ad
483 2112 611 2189 tempus
642 2104 717 2169 inde
741 2106 783 2170 ab
815 2126 900 2170 anno
936 2108 999 2170 140
1024 2128 1052 2172 a.
1079 2104 1153 2170 Chr.
1179 2130 1209 2173 n.
1243 2108 1387 2193 circiter,

315 2234 377 2295 quo
402 2210 535 2274 titulum
559 2212 595 2276 P.
621 2212 662 2277 Η.
687 2212 730 2278 43
754 2211 940 2296 tribuimus,
971 2234 1073 2297 nsque
1103 2213 1143 2276 ad
1172 2234 1289 2277 aevum
1314 2213 1387 2278 Au-

313 2319 403 2404 gusti
425 2319 631 2403 imperatoris
654 2317 764 2383 nullus
788 2319 906 2382 titulus
931 2317 1016 2384 Cous
1046 2320 1157 2384 referri
1189 2325 1299 2405 potest
1328 2342 1385 2385 ex-

313 2432 406 2508 cepto
429 2424 527 2488 titulo
551 2429 586 2491 P.
597 2424 639 2487 H.
666 2425 718 2506 74,
744 2426 798 2508 qui
822 2448 887 2489 non
911 2426 951 2488 ad
972 2423 1071 2490 Ooam
1094 2426 1236 2490 insulam
1260 2427 1316 2490 sed
1341 2429 1384 2491 ad

312 2531 545 2594 Alexandriam
569 2534 739 2615 pertinet'
768 2532 841 2606 Qna
865 2533 1024 2596 decanea
1052 2534 1090 2596 de
1121 2534 1308 2598 litteratura
1333 2544 1383 2600 at-

312 2659 374 2722 que
398 2637 436 2699 de
460 2636 591 2700 dialecti
614 2637 728 2702 habitu
752 2638 848 2701 huius
866 2640 939 2701 aevi
962 2639 1045 2701 nihil
1061 2641 1191 2703 scimus.
1224 2640 1383 2704 Fortasse

312 2742 352 2805 ad
376 2743 459 2806 hanc
482 2750 623 2807 aetatem
646 2746 790 2827 pertinet
813 2744 930 2807 titulus
955 2746 991 2807 P.
1006 2745 1046 2810 H.
1075 2746 1125 2825 13,
1151 2748 1206 2828 qui
1230 2746 1316 2830 quod
1341 2746 1383 2810 ad

310 2851 494 2913 litterarum
518 2850 636 2913 formas
657 2852 778 2914 attinet
801 2851 929 2914 saeculo
954 2851 1056 2915 altero
1086 2854 1245 2916 recentior
1269 2859 1382 2917 tamen

311 2979 391 3020 aevo
416 2958 647 3040 imperatorum
672 2958 759 3040 prior
783 2978 854 3019 esse
878 2955 1018 3023 videtur.

399 3063 470 3125 Iam
495 3061 536 3126 ad
560 3062 675 3126 titulos
700 3061 782 3126 Ooos
812 3063 886 3126 aevi
915 3064 1146 3147 imperatorum
1178 3062 1381 3146 accedamus,

312 3191 448 3252 quorum
482 3190 620 3252 magnus
652 3190 805 3232 numerus
840 3171 972 3232 nomina
1003 3169 1132 3234 aliunde
1163 3172 1294 3255 cognita
1326 3193 1382 3234 ex·

311 3275 411 3340 hibet.

401 3383 509 3444 Primo
533 3380 602 3444 loco
627 3380 897 3444 commemorandi
921 3386 998 3443 sunt
1022 3381 1111 3444 tituli
1136 3383 1172 3448 P.
1186 3382 1227 3449 H.
1247 3383 1381 3449 76-80
1462 3392 1464 3394 ’

311 3489 564 3572 subscriptiones
589 3494 771 3550 statuarum
787 3487 913 3567 Niciae,
938 3489 993 3570 qui
1017 3487 1121 3551 altera
1141 3491 1238 3572 primi
1254 3512 1284 3553 a.
1302 3489 1379 3558 Chr.

311 3619 341 3657 n.
366 3617 449 3661 saec.
466 3601 558 3678 parte
576 3592 712 3657 Onerum
730 3603 889 3675 tyrannus
912 3594 984 3657 fuit.
1020 3591 1138 3657 Omnia
1161 3594 1199 3659 de
1223 3618 1260 3660 eo
1284 3602 1379 3663 testi-

310 3703 418 3764 monia
432 3701 634 3783 collegerunt
649 3700 685 3765 P.
697 3700 738 3762 H.
752 3699 869 3764 intrcd.
888 3722 919 3782 p.
933 3700 1010 3780 XL,
1028 3702 1162 3763 maximi
1178 3706 1335 3767 momenti
1345 3705 1379 3768 id

311 3815 360 3870 est
385 3807 468 3890 quod
486 3807 565 3870 dicit
582 3806 699 3870 Strabo
717 3805 810 3870 XIV.
829 3829 859 3889 p.
877 3807 951 3871 658.
979 3799 1046 3869 ‘nni
1069 3793 1141 3873 καὶί
1160 3804 1246 3891 ἡμᾶς
1264 3810 1380 3887 Νικίας

310 3907 324 3976 ὁ
349 3913 402 3975 καί
425 3911 612 3996 τυραννήσας
635 3912 754 3976 Keller.
791 3913 860 3974 Hoc
883 3911 952 3974 loco
970 3912 1127 3994 quaedam
1145 3914 1279 3977 dicenda
1300 3926 1379 3982 sunt

309 4020 347 4081 de
371 4018 468 4081 titulo
494 4023 527 4083 P.
540 4018 581 4079 H.
608 4019 643 4098 93
668 4019 819 4097 Newton,
844 4019 899 4101 qui
923 4019 1046 4103 primus
1070 4040 1142 4081 eum
1167 4019 1269 4085 edidit
1292 4023 1319 4088 I.
1338 4023 1376 4090 B.

309 4125 355 4188 M.
380 4105 443 4185 337
469 4131 564 4207 putat
587 4123 698 4188 Νικίαν
717 4123 824 4188 Νικίου
848 4125 903 4205 qni
928 4125 994 4187 nt
1020 4133 1290 4190 commemoratur
1306 4151 1377 4193 esse

308 4238 500 4314 tyrrannum
527 4227 680 4310 Onerum,
705 4229 784 4291 haec
815 4231 983 4314 inscriptio
1012 4232 1113 4314 igitur
1143 4236 1281 4315 tempori
1307 4237 1375 4299 Au·
