2858 5018
508 504 703 557 -121-

161 680 545 763 cesserant„
641 650 647 657 ’

162 806 213 888 εἰς,
249 807 296 889 ές;
330 807 369 874 ef.
407 805 448 871 Gr.
486 808 610 891 Meyer,
642 805 771 873 Griech.
802 803 965 872 Gramm.²
999 826 1030 891 p.
1065 805 1140 873 286.

69 913 163 977 Inter
185 913 245 977 has
274 912 353 978 duas
388 914 508 978 formas
542 914 675 978 eandem
706 912 983 998 perturbationem
1013 913 1140 975 inveni-

70 1041 143 1084 mus
166 1026 264 1104 atque
282 1021 318 1083 in
341 1041 446 1084 aecus.
463 1020 547 1106 plur.
564 1019 792 1084 declinationis
808 1021 843 1082 in
856 1058 866 1068 -
880 1041 921 1096 ος.
968 1019 1088 1083 Forma
1110 1019 1142 1094 ἐς

69 1127 207 1190 formam
241 1127 285 1203 εἰς
318 1126 414 1211 plane
449 1149 507 1191 suo
540 1127 610 1192 loco
644 1128 759 1194 movit.
812 1126 934 1190 Exstat
966 1128 1001 1189 in
1026 1125 1140 1214 'titulis

69 1232 224 1297 Doridem
248 1233 478 1299 exhibentibus
501 1235 532 1310 ἐς
554 1241 631 1298 ante
659 1253 817 1298 consonas
844 1231 1041 1298 undetricies
1064 1237 1140 1296 ante

71 1341 200 1404 vocales
223 1341 348 1423 novies,
372 1340 415 1417 εἰς
437 1348 495 1405 ant
511 1341 640 1407 vocales
663 1340 774 1422 semel,
799 1347 875 1405 ante
898 1361 1055 1406 consonas
1080 1348 1139 1407 ter.

70 1445 112 1508 In
135 1445 243 1509 titulis
268 1448 323 1529 qui
352 1468 531 1511 sermonem
556 1447 725 1533 vulgarem
753 1447 909 1511 exhibent
931 1446 974 1522 εἰς
1002 1446 1141 1511 occurrit

71 1553 197 1634 novies,
221 1554 251 1629 ἐς
274 1575 461 1637 numquam.

161 1675 259 1762 sapui:
285 1698 448 1762 apocopen
472 1683 549 1742 ante
573 1699 731 1742 consonas
755 1677 940 1741 invenimus
964 1677 1031 1742 bis:

161 1777 224 1868 πὰρ
247 1781 300 1848 τόν
322 1783 359 1849 P.
383 1784 426 1852 H.
451 1785 526 1848 382.
552 1785 605 1867 28,
630 1782 692 1871 πὰρ
716 1783 787 1861 τούς
809 1785 845 1850 Ρ.
871 1784 912 1851 Η.
937 1784 991 1850 37.
1016 1783 1068 1847 39.

161 1887 232 1955 πότι
255 1893 394 1955 occurrit
416 1893 450 1955 in
474 1891 583 1956 titulis
606 1892 735 1956 Doricis
758 1893 794 1955 P.
813 1892 853 1958 H.
880 1893 909 1957 7.
936 1891 965 1953 7.
990 1896 1024 1953 et
1047 1891 1139 1974 quin·

71 1994 189 2080 decies,
213 1995 288 2082 πρός
309 1997 346 2060 Ρ.
371 1999 413 2062 H.
438 1998 481 2062 36
510 1997 581 2064 c.2
616 2003 649 2061 et
677 1999 850 2083 quinquies
877 1999 913 2060 in
941 1996 1049 2062 titulis
1077 2016 1139 2060 ser·

70 2124 199 2166 monem
223 2103 390 2189 vulgarem
416 2104 656 2171 exhibentibus.

557 2323 577 2399 s
602 2318 654 2382 34.

350 2475 355 2482 ’
411 2467 464 2536 Dc
493 2467 796 2553 conjunctionibus.

161 2616 232 2682 Hoc
254 2616 324 2682 loco
347 2618 507 2702 imprimis
532 2617 570 2682 de
594 2618 755 2704 particula
782 2643 825 2683 κα
847 2621 968 2704 agitur,
999 2619 1141 2702 quaein

70 2721 179 2786 titulis
197 2725 271 2790 Cois
295 2745 421 2809 semper
444 2727 477 2788 in
494 2727 667 2789 sententiis
683 2726 881 2791 secundariis
898 2725 1140 2810 conjunctivum

70 2828 301 2895 exhibentibus
324 2833 500 2898 invenitur.
535 2832 595 2897 Sed
621 2832 781 2917 particula
804 2856 848 2898 κα
870 2852 1046 2916 numquam
1070 2830 1141 2894 sola

70 2941 189 3020 exstat,
207 2938 262 3002 sed
279 2959 404 3022 semper
428 2939 502 3002 aliis
526 2961 598 3004 cum
622 2939 905 3024 conjunctionibus
922 2940 1139 3024 conjungitur.

160 3058 198 3126 αἶ’
215 3087 259 3127 κα
280 3063 334 3127 vel
357 3062 391 3128 cri
413 3065 506 3128 δέκαε
531 3060 568 3127 ui'
587 3088 630 3128 κα
653 3060 742 3128 ἔωντι
763 3064 800 3130 P.
820 3063 861 3126 Η.
886 3063 960 3129 368.
986 3062 1006 3126 3
1031 3067 1064 3126 et
1079 3067 1139 3126 ter.

159 3187 319 3274 Persaepe
347 3210 492 3272 pronum.
521 3187 726 3252 indefinitum
749 3210 797 3265 τις
825 3190 859 3252 in
887 3188 938 3252 his
967 3187 1140 3252 sententiis

69 3291 252 3375 invenitur3
277 3292 315 3358 ci.
340 3292 480 3375 Ahrens‚
506 3293 544 3358 de
568 3293 644 3360 dial.
669 3295 737 3358 Der
772 3317 804 3379 p.
830 3293 903 3362 383.

162 3398 194 3463 ui
216 3401 250 3464 δέ
271 3398 314 3464 κά
337 3396 416 3476 τἰνες
438 3393 602 3486 dempsisse
624 3401 662 3469 P.
685 3401 727 3468 H.
762 3403 803 3467 10
827 3423 856 3465 a.
889 3401 947 3484 343
978 3401 1085 3465 decies
1109 3397 1142 3464 cd

69 3527 113 3568 κα
135 3504 196 3569 hoo
219 3507 311 3570 modo
336 3527 408 3570 cum
432 3507 545 3571 formis
570 3510 770 3591 pronominis
793 3530 841 3585 τις
864 3508 1081 3594 conjungitur.

160 3631 285 3695 Deinde
315 3654 372 3715 pro
404 3632 567 3718 particula
596 3633 715 3698 Dorica
744 3633 777 3698 cd
808 3637 905 3699 etiam
934 3633 1038 3697 forma
1068 3631 1139 3696 vul·

67 3738 157 3822 garis
180 3738 207 3802 ei
230 3738 403 3822 aliquoties
427 3739 512 3823 apud
537 3763 580 3804 κα
604 3741 751 3806 occurrit.

158 3841 252 3910 εἴκοι
274 3842 362 3930 bourie
389 3845 425 3908 P.
450 3845 493 3912 H.
529 3847 569 3912 10
597 3867 625 3912 a.
660 3847 712 3931 17,
742 3843 774 3911 εἴ
798 3870 842 3912 κα
873 3845 1007 3934 δήληται
1036 3846 1072 3912 P.
1097 3845 1139 3912 H.

69 3949 145 4016 384.
174 3952 224 4015 17.

158 4057 227 4123 Neo
251 4060 358 4121 minus
388 4059 550 4142 particula
583 4083 626 4125 κα
656 4061 758 4145 accipi
786 4060 871 4126 solet
902 4063 937 4124 in
968 4062 1140 4126 sententiis

69 4165 112 4229 ab
137 4165 325 4251 pronomine
349 4165 487 4231 relativo
512 4167 754 4252 incipientibus.
