2910 5018
518 545 694 597 „51-

69 745 142 787 cum
177 723 257 788 haec
290 747 321 788 eo
355 745 411 810 pro
446 747 478 788 eo
513 722 674 786 scribendi
709 724 792 786 ratio
827 722 994 787 nonnullis
1029 724 1139 789 titulis

66 828 190 893 Ionicis
224 837 380 914 occurrat.
442 829 602 915 Exempla
634 829 729 892 huius
760 830 807 892 rei
840 831 940 894 etiam
973 829 1067 895 affert
1095 830 1136 897 G.

69 936 192 1019 Meyer,
217 934 347 1000 Griech.
372 934 534 1000 Gramm.²
557 958 588 1020 p.
612 935 684 1003 135.
700 932 812 1002 κυεῦσα
834 937 954 1004 nomin.
980 937 1041 1023 sgl.
1062 937 1136 1005 fem.

66 1044 182 1126 partic.
207 1064 310 1127 praes.
336 1043 428 1132 verbi
451 1044 529 1108 κυέω
553 1064 623 1107 esse
647 1044 746 1107 etiam
770 1042 846 1107 aliis
870 1066 910 1107 ex
937 1045 1136 1108 testimoniis

69 1151 277 1235 perspicitur,
314 1155 446 1214 exstant
480 1150 601 1214 formae
638 1146 826 1238 [ἀ]δικεῦσαν
858 1150 894 1217 P.
923 1150 965 1217 H.
1000 1151 1052 1217 27.
1082 1152 1136 1231 30,

67 1253 199 1322 luleioor
224 1256 259 1322 P.
278 1256 319 1319 H.
345 1256 397 1320 58.
424 1256 441 1318 7
467 1265 500 1322 et
524 1256 597 1322 218.
625 1258 655 1323 4.
680 1255 849 1344 nelirioupr]
875 1257 911 1324 P.
932 1257 974 1323 H.
999 1258 1052 1324 27.
1078 1257 1135 1339 313

70 1363 182 1427 deinde
217 1364 352 1439 formam
388 1367 543 1450 παρευσάν
576 1364 612 1430 Ρ.
642 1364 683 1429 H.
715 1363 791 1431 386.
821 1364 841 1427 2
872 1386 912 1428 ex
945 1363 1137 1449 *παρεουσᾶν

71 1480 171 1535 ortam
196 1491 266 1534 esse
290 1470 385 1534 facile
413 1476 559 1555 apparet.
611 1469 738 1545 Quibus
766 1493 806 1535 ex
840 1473 1037 1536 testimoniis
1066 1493 1135 1556 per-

70 1579 203 1662 spicitur
226 1592 341 1649 ε-Ι-ου
364 1581 399 1640 in
427 1577 547 1642 Doride
570 1579 604 1640 in
640 1601 671 1642 en
706 1579 854 1642 contrahi
889 1584 987 1662 atque
1021 1581 1135 1644 κυεῦσα

68 1685 201 1749 formam
225 1705 264 1748 ex
288 1683 419 1748 dialecti
443 1684 581 1748 Dorieon
607 1684 734 1768 legibus
765 1691 877 1749 natam
907 1706 988 1766 esse,
1019 1683 1135 1749 deinde

68 1791 101 1852 in
131 1792 244 1855 κυέοσα
274 1811 363 1854 more
387 1789 476 1853 lodis
506 1813 536 1854 εο
560 1812 617 1874 pro
641 1814 672 1855 ευ
696 1790 804 1855 scribi.
849 1789 1026 1871 Quaeres,
1051 1791 1133 1875 quod

68 1899 179 1963 κυέοσα
203 1899 237 1960 in
254 1896 351 1961 titulo
369 1899 564 1982 antiquiore,
588 1898 710 1961 formae
734 1896 904 1986 celsioupr]
922 1903 955 1962 et
971 1895 1135 1983 ἀδικεῦσαν

67 2006 101 2068 in
132 2003 231 2068 titulo
264 2007 442 2070 recentiore
475 2006 689 2068 inveniuntur
712 2004 795 2069 bene
819 2005 989 2090 explanari
1012 2010 1132 2090 potest,

65 2133 139 2175 cum
163 2109 322 2175 dialectus
351 2112 464 2176 Ionica
491 2111 605 2195 quinto
628 2113 800 2197 praecipue
825 2111 954 2176 saeculo
977 2132 1131 2197 maguum

63 2216 106 2280 ad
136 2217 278 2302 reliquas
307 2216 452 2282 Graecae
481 2218 614 2302 linguae
645 2217 800 2284 dialectos
836 2224 1036 2283 momentum
1070 2219 1127 2282 ha-

65 2325 184 2390 buerit.

154 2449 382 2515 Miillensiefen
406 2450 448 2516 D.
472 2451 498 2516 I.
525 2449 611 2516 3636
643 2451 757 2516 scribit
786 2449 907 2532 κυεόσα,
932 2472 1028 2534 quam
1059 2472 1131 2515 cum

61 2557 158 2622 facile
192 2557 356 2641 legentem
391 2559 424 2620 in
461 2579 601 2620 errorem
636 2558 786 2622 inducere
819 2559 933 2642 possit,
969 2558 1131 2622 scribendi

61 2666 224 2727 rationem
248 2664 385 2748 probare
416 2687 480 2728 non
516 2685 663 2748 possum,
692 2664 786 2729 facile
819 2665 906 2727 enim
937 2663 1055 2748 aliquis
1080 2687 1131 2728 ex-

61 2771 188 2834 stiterit
211 2771 402 2834 existimans
427 2771 479 2836 -o-
503 2771 647 2836 litteram
671 2773 706 2833 in
730 2772 790 2836 hcc
805 2771 964 2835 vocabulo
988 2772 1130 2854 antiqui-

61 2898 116 2940 ore
140 2877 301 2941 scribendi
324 2876 419 2942 modo
440 2903 473 2943 oo
494 2877 711 2943 adulterinum
734 2877 929 2963 significare,
946 2899 1028 2962 quae
1044 2883 1131 2943 certe

59 3006 126 3047 non
150 2985 200 3048 ita
223 3005 257 3048 se
281 2984 400 3048 habere
424 3008 464 3049 ex
488 2990 558 3050 toto
582 2985 680 3051 titulo
705 2993 851 3070 apparet.

152 3109 321 3172 Postremo
350 3108 409 3173 hoc
441 3108 511 3173 loco
543 3108 843 3173 commemorandus
876 3112 927 3172 est
956 3108 1131 3193 genetivus

58 3215 121 3301 sgl.
151 3216 321 3280 nominum
350 3217 552 3300 propriorum
581 3212 738 3299 ίη-κλής,
771 3217 827 3298 qui
860 3216 896 3277 in
923 3213 1030 3277 titulis
1055 3211 1130 3276 Cois

58 3320 157 3407 plane
181 3343 308 3406 semper
333 3324 402 3385 exit
424 3324 459 3384 in
482 3327 599 3399 -κλεῦς,
623 3323 702 3403 cf.§
729 3323 778 3387 18.
804 3322 835 3384 4.

149 3482 185 3568 8)
210 3507 249 3548 εω
273 3504 349 3546 mox
372 3483 407 3544 in
431 3507 454 3548 ω
478 3483 656 3548 coalescere
680 3505 755 3546 mox
785 3483 1040 3552 contractionem
1064 3501 1129 3542 non

56 3591 130 3673 pati
165 3610 205 3652 ex
237 3590 436 3654 testimoniis
466 3598 610 3675 apparet.
663 3587 923 3653 contractionem
953 3608 1018 3651 non
1045 3586 1128 3669 pati-

56 3700 158 3759 untur
181 3715 240 3769 e÷
262 3720 285 3759 ω
309 3697 343 3758 in
368 3697 467 3761 tertia
490 3719 572 3781 pers.
596 3696 679 3780 plur.
704 3697 864 3779 conjunct.
891 3693 1062 3757 verborum
1093 3693 1126 3753 iu

57 3827 135 3867 -εωε
160 3803 297 3868 οἰκέωντι
320 3803 356 3869 Ρ.
374 3803 415 3869 Η,
437 3805 537 3887 7.11,
562 3805 759 3870 διατελέωντι
776 3803 811 3867 P.
828 3801 868 3864 H.
888 3801 930 3866 36
955 3821 984 3866 a.
1009 3798 1039 3861 8.
1065 3796 1128 3860 Sed

54 3908 148 3974 tituli
173 3909 317 3974 eiusdem
341 3911 461 3975 aetatis
485 3912 584 3974 etiam
609 3912 729 3974 formas
753 3915 935 3973 contractas
957 3903 1127 3970 exhibent:

53 4012 236 4081 συντελῶντι
271 4016 306 4083 P.
331 4017 372 4084 H.
410 4017 485 4084 383.
523 4020 574 4099 14,
604 4011 766 4101 incepturi
800 4016 836 4080 P.
862 4013 903 4076 H.
943 4014 982 4076 10
1013 4034 1041 4078 a.
1075 4013 1127 4078 35.

53 4119 264 4185 Nominativi
288 4123 371 4207 sing.
396 4144 495 4190 maso.
518 4124 633 4208 partic.
666 4144 771 4206 praes.
802 4120 907 4185 solum
939 4121 1128 4184 testimonia

51 4229 236 4292 recentiora
270 4235 438 4293 contracta
472 4235 621 4294 exstant:
653 4225 765 4294 ἀδικῶν
799 4229 836 4291 P.
859 4227 902 4290 H.
934 4227 976 4292 36
1008 4224 1038 4291 d.
1072 4225 1126 4304 20,
