2858 5018
767 521 941 574 -(30.„

411 697 673 764 contractionem
698 718 773 770 ceo
797 701 830 762 in
855 723 887 764 ευ
910 697 994 784 apud
1019 720 1073 762 eos
1093 697 1271 761 Dorienses
1296 716 1385 782 prae·

319 808 412 890 cique
439 807 590 885 inveniri,
626 807 682 890 qui
713 808 746 868 in
778 805 894 870 insulis
925 803 966 868 ad
997 827 1087 868 oram
1115 803 1215 868 Asiae
1251 802 1387 865 minoris

320 915 395 977 sitis
424 912 629 1000 habitabant,
659 914 725 975 iarn
760 911 942 976 Ahrensiuc
973 911 1010 974 de
1041 909 1118 974 dial.
1142 910 1220 974 Dor.
1257 931 1289 992 p.
1322 907 1388 972 214

320 1017 404 1083 vidit
435 1020 629 1103 putavitque
661 1017 751 1081 Iadic
784 1019 934 1102 contagio
966 1040 1037 1082 eam
1070 1024 1173 1083 ortam
1204 1037 1287 1098 esse,
1314 1037 1387 1080 cunr

319 1125 415 1189 Iones
440 1124 550 1190 eadem
575 1127 796 1190 contractione
820 1126 872 1187 usi
895 1126 971 1191 sint.

408 1274 439 1315 ac
468 1273 525 1335 pro
557 1275 589 1316 eu
622 1249 823 1336 diphthongo
854 1251 997 1334 genuina
1029 1249 1127 1314 scribi
1157 1248 1331 1334 praecipue
1356 1247 1389 1307 in

320 1357 429 1422 titulis
452 1357 575 1422 Ionicis
599 1357 691 1422 docet
716 1356 755 1423 G.
781 1358 904 1440 Meyer,
929 1357 1059 1421 Griech.
1078 1354 1239 1421 (lramm.2
1263 1377 1294 1439 p.
1315 1352 1390 1415 135.

320 1465 394 1540 Qua
417 1463 455 1529 de
479 1485 577 1528 cauca
601 1464 736 1527 formam
756 1461 901 1548 Ἐότυχις
924 1465 959 1530 P.
981 1464 1022 1530 H.
1048 1463 1124 1528 225.
1149 1463 1168 1527 2
1193 1461 1391 1526 auctoritate

321 1572 452 1636 dialecti
476 1572 606 1636 lonicae
630 1576 734 1635 ortam
759 1592 829 1634 esce
853 1573 1020 1654 existim03
1045 1570 1162 1636 titulus
1186 1569 1222 1636 P.
1244 1568 1286 1635 H.
1312 1567 1392 1646 225,

321 1677 407 1763 quod
431 1700 470 1741 ex
493 1678 676 1743 litterarum
700 1679 804 1741 forma
828 1677 976 1742 concludi
1000 1683 1109 1763 potest
1132 1680 1248 1761 quarto
1266 1697 1295 1740 a.
1315 1671 1392 1739 Chr.

320 1809 351 1851 n.
379 1785 507 1849 sacculo
531 1783 721 1850 tribuendus
746 1793 796 1849 est
825 1785 879 1849 sed
912 1807 976 1849 non
1000 1785 1152 1849 Doricam
1184 1785 1283 1846 immo
1312 1802 1392 1844 vero

320 1892 469 1970 Jonioam
494 1891 668 1956 dialectum
693 1892 834 1957 exhibet.

411 2017 536 2079 Nomen
560 2018 682 2099 Θεκλής
715 2015 751 2078 Ρ.
776 2015 817 2079 Η.
855 2016 895 2081 10
920 2036 946 2080 c.
975 2015 1018 2080 50
1046 2015 1218 2079 formatum
1248 2032 1321 2076 esse
1353 2031 1403 2073 ex

320 2122 472 2208 analogia
495 2144 606 2186 eorum
629 2123 807 2203 nominum,
831 2123 865 2184 in
890 2122 1008 2206 quibus
1033 2121 1137 2184 altera
1160 2140 1234 2205 pars
1266 2117 1308 2181 ab
1335 2118 1397 2181 vo'·

320 2228 385 2293 cali
414 2229 593 2314 incipiebat
624 2250 674 2294 ex.
703 2253 751 2314 gr.
777 2229 973 2315 (de-cicutae,
1004 2228 1169 2313 Θέ-ανδρος
1198 2231 1260 2291 etc.
1294 2224 1398 2288 facile

320 2344 466 2421 apparet.
492 2336 529 2402 cf.
555 2335 689 2400 Bechtcl
715 2334 778 2398 und
802 2335 897 2416 Pieli,
922 2334 979 2401 Gr.
1003 2335 1120 2398 Prcnn.
1148 2333 1160 2370 ²
1183 2355 1213 2416 p.
1242 2333 1317 2396 143.

409 2459 449 2522 In
478 2457 687 2543 diphthongis
720 2483 759 2523 cm
788 2467 821 2523 et
849 2484 881 2524 ευ
913 2461 1091 2523 recentiore
1130 2464 1275 2542 tempore
1307 2480 1324 2520 u
1356 2457 1388 2517 in

321 2566 387 2629 vim
413 2567 568 2649 spirantis
593 2567 726 2630 transiit
749 2572 847 2649 atque
871 2565 985 2630 deinde
1009 2563 1139 2629 excidit.
1168 2563 1207 2627 cf.
1232 2561 1386 2626 Buresch.

322 2670 483 2756 Philolog.
508 2672 560 2737 51.
585 2671 627 2734 98
661 2693 726 2754 seq.
757 2680 789 2735 et
813 2669 853 2734 G.
878 2672 992 2754 Meyer
1017 2669 1145 2735 Gricch.
1172 2668 1335 2735 Gramm.²
1358 2692 1385 2754 p.

324 2778 385 2842 137
410 2780 466 2863 qui
489 2778 637 2864 exempla
660 2777 756 2840 huius
780 2779 827 2840 rei
851 2800 890 2841 ex
919 2778 1026 2842 titulis
1059 2777 1192 2840 alterius
1226 2777 1385 2861 primique

321 2907 350 2951 a.
375 2883 448 2950 Ohr.
473 2908 503 2950 n.
529 2884 650 2948 saeculi
674 2884 883 2970 collegerunt.
931 2884 1003 2948 Huc
1026 2885 1169 2969 pertinet
1194 2879 1388 2968 Ἐφαντίδας

321 2992 356 3058 P.
382 2991 422 3058 H.
450 2993 491 3054 10
514 3013 544 3056 a.
568 2992 612 3054 bt)
636 2999 669 3055 et
693 2991 745 3055 63.
778 2991 826 3056 At
849 2999 961 3055 contra
985 2991 1026 3060 of.
1043 2990 1149 3071 Blass,
1165 2989 1387 3075 Aussprache³

321 3123 352 3184 p.
377 3099 420 3161 80
444 3121 510 3183 seq.

413 3239 446 3326 7)
470 3261 529 3314 c÷
549 3266 581 3306 cu
605 3241 834 3306 adulterinum.

412 3364 548 3428 Initium
572 3365 729 3429 faciamus
754 3364 795 3428 ab
819 3365 931 3428 formis
955 3365 1065 3430 κυέοσα
1088 3363 1125 3428 P.
1142 3362 1183 3428 H.
1211 3362 1264 3425 37.
1289 3363 1331 3424 57
1357 3369 1390 3426 ct

323 3472 365 3538 oa
391 3476 424 3534 et
447 3467 561 3535 >aaa
585 3471 621 3534 P.
646 3471 688 3534 u.
714 3473 766 3536 aa
792 3471 821 3536 a.
848 3471 991 3551 necuter,
1008 3469 1127 3534 naon.
1152 3452 1291 3533 oquae.
1310 3467 1388 3532 ces.

321 3577 351 3645 d.
377 3577 478 3643 Wiss.
508 3577 593 3641 1890
617 3600 647 3662 p.
673 3578 715 3640 32
740 3578 798 3641 has
822 3578 942 3642 formas
972 3584 1094 3642 tractat
1121 3584 1219 3660 atque
1251 3575 1388 3638 formam

320 3687 432 3750 κυέοσα
454 3687 649 3750 auctoritate
673 3684 803 3749 dialecti
823 3684 955 3747 Ionicae
980 3689 1083 3747 ortam
1108 3704 1178 3746 esse
1194 3690 1299 3766 putat.
1326 3681 1387 3746 Sed

322 3814 384 3875 quo
409 3791 503 3856 modo
531 3793 635 3856 forma
664 3795 776 3858 κυέοσα
807 3791 1010 3874 explananda
1044 3797 1142 3875 atquc
1173 3810 1255 3874 quae
1285 3789 1390 3853 forma

322 3901 481 3963 recentior
517 3901 561 3964 sit
595 3898 725 3963 disertio
756 3899 865 3962 verbis
899 3922 963 3962 non
993 3898 1083 3963 dicit.
1131 3896 1167 3962 Si.
1199 3903 1285 3960 recte
1316 3917 1390 3960 eum

321 4004 477 4090 intellego
501 4004 561 4069 hac
586 4007 750 4069 sententia
775 4005 867 4088 ,Alco
897 4005 1001 4068 sicher
1029 4006 1089 4085 ist,
1113 4005 1186 4067 dass
1211 4025 1261 4068 wo
1285 4002 1390 4066 Dorer

322 4135 352 4175 ec
384 4111 435 4174 fiir
468 4135 499 4175 eu
533 4111 712 4193 schreiben‚
741 4113 853 4176 Jonier
883 4111 953 4175 ihre
980 4111 1102 4174 Lchrer
1135 4131 1284 4194 gewesen
1319 4109 1390 4172 sein

323 4217 467 4281 kbnnen‘
492 4217 596 4281 dicere
612 4219 686 4282 vult
708 4220 843 4282 formam
866 4221 976 4284 κυέοσσ
1002 4240 1040 4282 ex
1057 4221 1172 4284 κυεῦσα
1186 4226 1290 4282 ortam
1308 4239 1390 4298 ecoe,
