2946 5018
560 578 731 631 .-39-

203 753 327 818 Eodem
350 753 421 818 loco
447 752 487 819 G.
506 754 619 837 Meyer
643 755 742 818 etiam
766 779 788 819 α
803 754 934 839 longam
950 753 1181 833 vocabulorum
1296 844 1301 851 1

103 859 227 926 σελάνα
250 866 283 925 et
307 858 413 946 εἰράνα
435 866 557 926 tractat
580 862 676 924 nixus
708 860 869 925 scribendi
900 863 1024 926 ratione
1054 861 1183 928 σελάννα

105 965 247 1051 Sappho
270 967 384 1050 fragm.
411 967 463 1032 52.
491 968 519 1032 1.

364 1216 405 1284 l).
425 1203 453 1281 ’ἆ
476 1217 513 1282 in
537 1218 739 1284 nominibus
764 1219 934 1302 propriis.

206 1358 349 1422 Nomina
372 1360 503 1444 propria
526 1359 699 1443 praecipue
722 1358 852 1422 deorum
877 1358 918 1422 ab
943 1358 1077 1444 religuis
1095 1360 1181 1422 voci·

110 1463 180 1527 bus
213 1465 394 1550 separanda
424 1486 494 1529 ease
518 1466 716 1549 existimavi,
744 1487 822 1543 ‚cum
855 1464 905 1528 his
937 1466 971 1528 in
995 1465 1180 1529 nominibus

107 1592 270 1659 persaepe
294 1570 333 1635 de
357 1573 482 1657 origine
506 1572 629 1637 vocalis
653 1559 685 1637 ci
704 1574 785 1638 certi
815 1570 991 1656 quidquam
1023 1570 1087 1636 dici
1115 1594 1180 1635 non

108 1679 231 1762 possit.
284 1678 325 1742 In
358 1680 544 1743 nominibus
575 1701 685 1743 eorum
717 1679 867 1761 deorum,
902 1701 1038 1763 quorum
1073 1679 1184 1758 cultus.

107 1787 345 1870 veneratioque
367 1787 561 1871 migratione
579 1787 785 1851 Doriensium
802 1787 889 1871 prior
913 1791 983 1849 erat
998 1809 1018 1869 η
1036 1785 1180 1849 vocalem

108 1892 288 1976 genuinam
318 1892 418 1956 fuisse
452 1901 550 1977 atque
580 1892 706 1976 deinde,
740 1916 813 1957 cum
842 1892 975 1956 deorum
1006 1892 1113 1957 cultus
1141 1893 1179 1956 ad

110 1997 289 2062 Dorienses
313 2001 526 2083 pervenisset,
551 1999 666 2064 Doridi
683 1999 841 2064 assimilia
858 2000 945 2063 facta
962 2020 1032 2064 esse
1048 2000 1180 2062 nomina

108 2104 209 2168 facile
233 2112 379 2190 apparet.

203 2230 238 2313 a)
263 2231 394 2292 nomina
416 2232 557 2315 propria,
582 2253 665 2315 quae
688 2231 792 2294 solum
813 2232 847 2294 in
864 2231 984 2295 Doride
1008 2255 1030 2294 α
1048 2229 1179 2314 longam

108 2334 285 2399 exhibent:

197 2458 329 2526 'Atura
352 2461 388 2524 Ρ.
405 2461 447 2524 H.
473 2462 526 2528 34.
551 2462 594 2525 20
619 2468 652 2526 et
676 2465 791 2546 sexies,
822 2460 986 2529 Ἀἱταναία
1009 2463 1045 2528 P.
1063 2462 1104 2528 H.
1125 2460 1179 2525 37.

107 2567 154 2629 56
180 2571 213 2630 et
235 2566 298 2648 bie,
318 2566 478 2645 'Arcum
509 2567 574 2635 dat.
604 2569 648 2654 pl.
673 2572 813 2633 nominis
844 2570 932 2634 urbis
961 2571 997 2636 P.
1019 2569 1060 2632 H.
1093 2572 1122 2632 7.
1148 2569 1179 2649 9,

103 2669 324 2750 'Arcu-ruma
348 2675 383 2742 P.
401 2676 443 2741 H.
472 2677 511 2740 10
528 2676 558 2739 b.
586 2676 637 2757 15,
658 2674 835 2752 ’Attonitos
858 2677 894 2743 P.
912 2677 952 2740 H.
975 2679 1015 2743 10
1033 2677 1062 2742 b.
1087 2678 1130 2739 44
1147 2682 1180 2740 et

108 2780 223 2861 semel,
242 2777 456 2848 Ἀἱταναΐσται
479 2788 513 2849 Ρ.
531 2784 571 2848 Η.
602 2786 673 2850 158.
698 2784 728 2851 2.

200 2902 396 2983 ’socruum
411 2908 446 2973 P.
464 2908 506 2972 H.
525 2910 576 2974 30.
594 2910 613 2973 6
639 2916 671 2972 et
688 2909 803 2990 deciae,
822 2905 1061 2983 Ἀσκλαπιοίδας
1083 2909 1119 2972 P.
1137 2909 1178 2975 H.

109 3013 165 3079 50.
191 3011 222 3093 3,
243 3010 461 3080 Ἀσκλαπείωι
482 3016 518 3081 P.
536 3016 577 3081 H.
604 3015 633 3081 8.
661 3016 690 3096 7,
710 3014 917 3082 'hortantem
941 3016 980 3079 D.
998 3016 1025 3082 I.
1043 3015 1178 3084 361113

107 3128 143 3184 et
167 3119 276 3200 semel,
291 3116 489 3186 Ἀσκλάπεια
511 3122 547 3187 Ρ.
566 3121 607 3187 Η.
637 3123 707 3186 104.
733 3122 763 3187 8.

201 3228 310 3321 Λαίλιος
333 3268 448 3309 nomen
474 3248 593 3310 mensis
617 3248 653 3310 P.
675 3247 717 3312 H.
743 3247 795 3312 30.
823 3248 838 3310 1
872 3254 904 3312 et
928 3253 1053 3332 quater,
1076 3250 1180 3312 hortic-

69 3446 71 3449 .
106 3347 187 3435 κλῆς
211 3351 247 3413 Ρ.
267 3351 309 3414 Η.
335 3353 410 3418 344.
435 3354 464 3419 3.

200 3473 350 3561 Δαμάτηρ
370 3477 403 3543 P.
422 3479 462 3543 H.
481 3479 555 3544 386.
578 3483 592 3542 1
612 3485 645 3542 et
661 3477 772 3560 semel,
790 3475 964 3563 Δαμάτριος
978 3479 1015 3543 Ρ.
1033 3479 1073 3543 Η.
1093 3479 1133 3544 10
1147 3479 1177 3542 1).

106 3584 146 3646 61
177 3589 212 3645 et
235 3582 396 3649 undecies.

202 3704 471 3794 [Ἕ]1λαναςειοο.
498 3708 580 3793 plur.
606 3710 632 3772 P
658 3710 700 3773 H.
728 3710 800 3774 128.
826 3711 856 3792 6,
878 3703 1060 3785 Ἑλλάνικος
1083 3713 1117 3775 Ρ.
1135 3708 1177 3773 H.

103 3813 184 3880 398.
211 3814 231 3876 2
257 3823 289 3879 et
313 3815 422 3880 semel.
761 3840 764 3845 ⁴

200 3936 351 4022 Καφίσιος
373 3939 409 4004 Ρ.
427 3939 467 4002 Η.
492 3940 546 4006 54.
571 3941 591 4003 2
616 3948 649 4005 et
672 3940 781 4005 semel.

200 4058 236 4144 b)
260 4064 393 4126 nomina
416 4066 556 4148 propria,
581 4085 664 4148 quae
689 4067 787 4128 etiarn
804 4067 838 4127 iu
860 4064 997 4130 dialecto
1014 4064 1129 4131 Attica
1144 4051 1177 4149 ἆ,

96 4174 137 4236 in
164 4165 307 4232 dialecto
330 4169 446 4234 Jonioa
470 4176 579 4234 autem
602 4193 622 4255 η
647 4170 810 4238 exhibent.

108 4304 111 4309 ⁴
199 4270 341 4357 Θράισσα
372 4275 408 4341 Ρ.
438 4277 479 4342 Η.
507 4276 581 4342 301.
