2946 5018
303 665 467 749 Calymnii
495 669 528 728 et
552 662 611 728 Coi
643 666 831 747 incorpore
856 665 1103 748 inscriptionum
1133 663 1172 726 ad
1197 663 1370 729 dialectum

256 772 258 775 ’
302 774 535 858 pertinentium
562 774 614 835 cui
639 793 755 834 nomen
781 778 831 835 est
853 769 1056 854 ,Sammlung
1079 770 1134 834 der
1150 771 1370 855 griechischen

302 879 636 943 Dialektinschriften
653 877 916 962 herausgegeben
929 900 992 941 von
1010 876 1127 942 Collitz
1146 877 1209 940 und
1226 877 1371 941 Bechtel‘

303 988 337 1048 in
372 990 459 1048 tomo
493 983 558 1049 ΙΙΙ.
594 982 671 1047 fasc.
706 982 767 1047 IV.
795 990 879 1067 part.
911 983 956 1047 ΙΙ.
990 983 1069 1046 editi
1105 991 1190 1047 sunt.
1236 982 1275 1045 In
1311 984 1371 1046 hoc

303 1090 456 1155 fasciculo
486 1092 591 1173 primo
616 1089 689 1154 loco
710 1089 843 1154 laudato
867 1089 1051 1154 Fridericus
1075 1088 1181 1154 Hiller
1207 1090 1245 1153 de
1269 1088 1371 1154 Gaer-

302 1199 432 1282 tringen
449 1197 565 1261 titulos
583 1196 763 1260 insularum
781 1196 898 1277 Rhodi,
915 1195 1071 1281 Carpathi
1087 1219 1158 1261 cum
1176 1196 1266 1278 Sero,
1283 1195 1371 1278 Oasi,

302 1303 438 1369 Chalces
464 1306 588 1387 optime
605 1302 707 1367 edidit
723 1305 953 1388 tractavitque.
1003 1302 1075 1377 Quo
1099 1302 1193 1368 modo
1216 1325 1287 1366 cum
1304 1325 1371 1367 ma-

301 1414 386 1475 teria
416 1412 455 1474 ad
486 1409 714 1474 illustrandam
739 1402 892 1474 Doridem
921 1413 1129 1475 recentiorem
1155 1409 1250 1474 valde
1273 1419 1371 1474 aucta

302 1526 396 1587 esset,
412 1517 573 1602 multique
606 1519 683 1580 novi
712 1518 802 1582 tituli
825 1520 858 1581 in
882 1518 987 1582 lucem
1011 1516 1091 1581 editi
1115 1526 1212 1602 atque
1236 1519 1370 1600 inscrip-

300 1628 406 1690 tiones
430 1624 596 1708 dispersae
623 1647 685 1687 unc
707 1607 946 1688 loco-collectae
970 1630 1091 1705 essent,
1115 1622 1279 1704 Doridem,
1304 1645 1370 1686 om·
1420 1645 1422 1651 ’

302 1733 393 1792 nium
417 1730 531 1792 harum
556 1729 738 1792 insularum
762 1735 903 1793 tractare
927 1731 1027 1814 coepi.
1074 1728 1247 1814 Assumpsi
1270 1730 1369 1793 etiam
1461 1766 1464 1771 κ

302 1837 417 1900 titulos
442 1835 532 1899 urbis
559 1834 654 1900 Cnidi
677 1843 776 1921 atque
799 1836 980 1900 insularum
1005 1837 1231 1921 Pholegandri,
1258 1836 1370 1919 Anap-

302 1944 370 2023 hes,
395 1942 633 2027 Astypalaeae,
657 1943 729 2006 Teli
742 1949 774 2006 et
791 1943 905 2026 Nisyri
922 1945 978 2027 qui
1001 1945 1035 2006 in
1051 1942 1134 2007 libro
1151 1941 1371 2026 ‚Griechische

302 2048 642 2114 Dialektinschriften‘
677 2048 743 2131 III,
771 2048 832 2112 IV.
864 2049 882 2112 I
916 2048 1044 2114 collecti
1072 2057 1159 2115 sunt.
1204 2048 1299 2123 Quod
1333 2058 1371 2112 ut

301 2157 439 2220 facerem
469 2157 612 2218 maxime
640 2155 672 2217 id
705 2177 755 2218 me
784 2159 969 2239 commovit,
1000 2156 1085 2241 quod
1113 2156 1206 2221 tituli
1227 2156 1370 2220 omniurn

301 2263 414 2326 harum
432 2263 562 2326 urbium
580 2264 751 2347 perpaucis
772 2267 916 2349 exceptis
930 2264 1061 2328 saeculo
1075 2270 1190 2348 quarto
1207 2286 1236 2326 a.
1250 2262 1324 2327 Chr.
1338 2287 1369 2329 n.

301 2377 439 2435 exeunte
464 2371 667 2454 antiquiores
691 2392 755 2434 non
780 2377 867 2453 sunt,
890 2373 988 2434 immo
1006 2386 1082 2435 vero
1100 2373 1241 2434 maxima
1260 2393 1369 2434 eorum

303 2498 377 2561 pers
404 2476 445 2540 ad
461 2476 627 2541 saeculum
652 2479 796 2560 tertium,
820 2477 959 2542 alterum
983 2487 1016 2542 et
1031 2476 1169 2562 primum
1195 2499 1222 2544 a.
1240 2476 1313 2544 Chr.
1339 2502 1370 2540 n.

302 2582 398 2646 etad
423 2579 541 2646 aevum
568 2585 800 2666 imperatorum
825 2583 1043 2647 Romanorum
1068 2586 1219 2669 pertinet.

390 2689 536 2764 Quarum
556 2697 730 2774 postquam
741 2693 884 2753 omnium
894 2691 1021 2754 urbinm
1035 2690 1149 2754 titulos
1162 2690 1371 2774 perlustrandi

300 2796 487 2861 discrimina
511 2799 636 2860 maiora
652 2799 738 2861 inter
755 2797 953 2882 singularum
974 2797 1101 2860 urbium
1125 2797 1369 2881 insularumque

302 2926 482 2968 sermonem
498 2927 564 2968 non
583 2910 712 2967 exstare
728 2926 831 2988 neque
848 2904 1026 2989 permultas
1045 2926 1106 2985 res,
1130 2926 1211 2990 quae
1232 2927 1276 2968 erc
1291 2906 1369 2969 titu-

300 3012 341 3075 lis
356 3011 430 3075 Oois
448 3034 512 3074 non
527 3012 678 3097 cognitae
692 3019 810 3094 essent,
826 3011 933 3075 afferri
943 3034 1048 3096 posse,
1063 3015 1246 3096 optimeque
1259 3018 1367 3075 antem

301 3141 340 3180 ex
365 3117 473 3181 titulis
498 3115 575 3181 Oois
604 3118 753 3181 habitum
777 3118 908 3183 Doridis
935 3121 1123 3184 recentioris
1148 3122 1368 3203 rationemque

300 3227 571 3307 transgressionis
605 3226 638 3286 in
671 3246 850 3288 sermonem
881 3225 1048 3310 vulgarem
1084 3226 1241 3290 illustrari
1273 3247 1368 3309 posse

300 3330 378 3396 vidi.
427 3329 500 3404 Qua
531 3331 570 3394 de
601 3353 700 3395 causa
723 3333 893 3397 consilium
921 3339 1023 3397 totam
1052 3325 1219 3398 materiam
1249 3356 1287 3397 ex
1317 3333 1368 3396 his

300 3437 408 3500 titulis
437 3437 608 3502 collectam
638 3438 791 3503 afferendi
821 3438 1004 3525 repudiavi,
1035 3462 1076 3503 ne
1109 3441 1367 3504 testimoniorum

300 3544 442 3628 catalogi
466 3545 563 3607 nimis
588 3546 699 3629 magni
722 3553 949 3610 accrescerent.
997 3547 1086 3610 Haec
1114 3548 1141 3609 si
1166 3545 1204 3609 de
1228 3544 1366 3610 Duorum

299 3648 472 3712 titulorum
483 3649 623 3714 dialecto
637 3649 822 3715 dissertatio
831 3650 1009 3736 modusque
1021 3654 1174 3715 materiae
1187 3651 1366 3716 afferendae

305 3760 404 3839 atque
428 3754 646 3841 disponendae
671 3757 933 3841 comprobabitur
957 3779 1049 3842 spero
1068 3759 1135 3821 lore
1159 3767 1195 3822 ut
1219 3759 1282 3823 alio
1298 3758 1367 3824 loco
1448 3788 1452 3794 ⁴

300 3864 437 3925 materia
469 3862 604 3928 collecta
632 3869 707 3927 utar
731 3872 828 3948 atque
856 3866 894 3929 de
918 3864 1056 3930 dialecto
1080 3865 1199 3930 Dorica
1222 3867 1365 3929 omnium

300 3967 414 4030 harum
439 3968 566 4032 urbium
590 3969 754 4035 disseram.

389 4073 436 4138 Ut
465 4075 635 4139 titulorum
660 4075 796 4142 Ooorum
826 4077 1000 4144 dialectum
1025 4081 1162 4163 primum
1192 4085 1364 4143 tractarem

300 4181 331 4243 id
363 4203 414 4244 me
445 4184 631 4267 commovit,
668 4185 750 4267 quod
781 4187 980 4249 innumero
1012 4207 1122 4248 eorum
1146 4184 1242 4248 tituli.
1261 4187 1365 4248 omnis
