<?xml version="1.0" encoding="UTF-8"?>
<!DOCTYPE html PUBLIC "-//W3C//DTD XHTML 1.0 Transitional//EN"
    "http://www.w3.org/TR/xhtml1/DTD/xhtml1-transitional.dtd">
<html xmlns="http://www.w3.org/1999/xhtml" xml:lang="en" lang="en">
 <head>
  <title>
</title>
<meta http-equiv="Content-Type" content="text/html;charset=utf-8" />
  <meta name='ocr-system' content='tesseract 3.04.00' />
  <meta name='ocr-capabilities' content='ocr_page ocr_carea ocr_par ocr_line ocrx_word'/>
</head>
<body>
  <div class='ocr_page' id='page_1' title='image "./decoorumtitulor00bartgoog_0075.png"; bbox 0 0 2858 5018; ppageno 0'>
   <div class='ocr_carea' id='block_1_1' title="bbox 768 523 945 577">
    <p class='ocr_par' dir='ltr' id='par_1_1' title="bbox 768 523 945 577">
     <span class='ocr_line' id='line_1_1' title="bbox 768 523 945 577; baseline 0.006 -16"><span class='ocrx_word' id='word_1_1' title='bbox 768 523 945 577; x_wconf 71' lang='lat'><strong>,58-</strong></span> 
     </span>
    </p>
   </div>
   <div class='ocr_carea' id='block_1_2' title="bbox 322 698 1389 1085">
    <p class='ocr_par' dir='ltr' id='par_1_2' title="bbox 322 698 1389 1085">
     <span class='ocr_line' id='line_1_2' title="bbox 323 698 1388 785; baseline 0.001 -21"><span class='ocrx_word' id='word_1_2' title='bbox 323 700 365 766; x_wconf 94' lang='lat' dir='ltr'>H.</span> <span class='ocrx_word' id='word_1_3' title='bbox 390 700 442 766; x_wconf 89' lang='lat'>37.</span> <span class='ocrx_word' id='word_1_4' title='bbox 467 700 524 781; x_wconf 78' lang='lat'>213</span> <span class='ocrx_word' id='word_1_5' title='bbox 549 700 587 766; x_wconf 83' lang='lat' dir='ltr'>of.</span> <span class='ocrx_word' id='word_1_6' title='bbox 612 700 752 780; x_wconf 82' lang='lat' dir='ltr'>Ahrens,</span> <span class='ocrx_word' id='word_1_7' title='bbox 776 698 816 764; x_wconf 89' lang='lat' dir='ltr'>de</span> <span class='ocrx_word' id='word_1_8' title='bbox 839 698 915 766; x_wconf 83' lang='lat' dir='ltr'><strong>dial.</strong></span> <span class='ocrx_word' id='word_1_9' title='bbox 940 699 1018 765; x_wconf 84' lang='lat' dir='ltr'><strong>Dor.</strong></span> <span class='ocrx_word' id='word_1_10' title='bbox 1042 723 1073 785; x_wconf 88' lang='lat' dir='ltr'>p.</span> <span class='ocrx_word' id='word_1_11' title='bbox 1101 700 1173 767; x_wconf 86' lang='lat'><strong>193.</strong></span> <span class='ocrx_word' id='word_1_12' title='bbox 1221 701 1296 766; x_wconf 87' lang='lat' dir='ltr'>Non</span> <span class='ocrx_word' id='word_1_13' title='bbox 1319 722 1388 765; x_wconf 87' lang='lat' dir='ltr'>enn-</span> 
     </span>
     <span class='ocr_line' id='line_1_3' title="bbox 322 806 1387 892; baseline 0.003 -21"><span class='ocrx_word' id='word_1_14' title='bbox 322 806 463 872; x_wconf 78' lang='lat' dir='ltr'><strong>trahitur</strong></span> <span class='ocrx_word' id='word_1_15' title='bbox 486 807 577 872; x_wconf 79' lang='lat' dir='ltr'>enin</span> <span class='ocrx_word' id='word_1_16' title='bbox 604 806 771 872; x_wconf 82' lang='lat' dir='ltr'>vocabulis</span> <span class='ocrx_word' id='word_1_17' title='bbox 796 807 889 891; x_wconf 80' lang='grc' dir='ltr'><strong>κρέας</strong></span> <span class='ocrx_word' id='word_1_18' title='bbox 913 807 947 873; x_wconf 92' lang='lat' dir='ltr'>P.</span> <span class='ocrx_word' id='word_1_19' title='bbox 975 806 1017 872; x_wconf 91' lang='lat' dir='ltr'>H.</span> <span class='ocrx_word' id='word_1_20' title='bbox 1049 808 1101 874; x_wconf 84' lang='lat'>37.</span> <span class='ocrx_word' id='word_1_21' title='bbox 1126 807 1181 887; x_wconf 80' lang='lat'>54,</span> <span class='ocrx_word' id='word_1_22' title='bbox 1210 808 1332 892; x_wconf 83' lang='grc' dir='ltr'>δικρέας</span> <span class='ocrx_word' id='word_1_23' title='bbox 1355 808 1387 874; x_wconf 90' lang='grc' dir='ltr'>Ρ.</span> 
     </span>
     <span class='ocr_line' id='line_1_4' title="bbox 323 910 1389 998; baseline -0.004 -20"><span class='ocrx_word' id='word_1_24' title='bbox 323 914 363 980; x_wconf 93' lang='grc' dir='ltr'>Η.</span> <span class='ocrx_word' id='word_1_25' title='bbox 389 914 441 978; x_wconf 87' lang='lat'>37.</span> <span class='ocrx_word' id='word_1_26' title='bbox 466 913 509 979; x_wconf 81' lang='grc'>63</span> <span class='ocrx_word' id='word_1_27' title='bbox 533 920 566 978; x_wconf 88' lang='lat' dir='ltr'>et</span> <span class='ocrx_word' id='word_1_28' title='bbox 588 914 643 994; x_wconf 82' lang='grc'>54,</span> <span class='ocrx_word' id='word_1_29' title='bbox 667 914 742 998; x_wconf 79' lang='grc' dir='ltr'>κρέα</span> <span class='ocrx_word' id='word_1_30' title='bbox 766 913 802 976; x_wconf 88' lang='grc' dir='ltr'>Ρ.</span> <span class='ocrx_word' id='word_1_31' title='bbox 832 912 872 975; x_wconf 91' lang='lat' dir='ltr'>H.</span> <span class='ocrx_word' id='word_1_32' title='bbox 899 914 951 979; x_wconf 90' lang='lat'>37.</span> <span class='ocrx_word' id='word_1_33' title='bbox 976 913 1018 977; x_wconf 90' lang='grc'>23</span> <span class='ocrx_word' id='word_1_34' title='bbox 1042 914 1132 976; x_wconf 90' lang='lat' dir='ltr'>etin</span> <span class='ocrx_word' id='word_1_35' title='bbox 1157 910 1332 998; x_wconf 83' lang='grc' dir='ltr'>Κλεοίγορος</span> <span class='ocrx_word' id='word_1_36' title='bbox 1354 913 1389 976; x_wconf 91' lang='grc' dir='ltr'>Ρ.</span> 
     </span>
     <span class='ocr_line' id='line_1_5' title="bbox 323 1018 520 1085; baseline 0.01 -3"><span class='ocrx_word' id='word_1_37' title='bbox 323 1019 364 1085; x_wconf 92' lang='lat' dir='ltr'>H.</span> <span class='ocrx_word' id='word_1_38' title='bbox 388 1018 464 1084; x_wconf 84' lang='lat'><strong>406.</strong></span> <span class='ocrx_word' id='word_1_39' title='bbox 491 1018 520 1084; x_wconf 97' lang='lat'>7.</span> 
     </span>
    </p>
   </div>
   <div class='ocr_carea' id='block_1_3' title="bbox 323 1128 1390 1352">
    <p class='ocr_par' dir='ltr' id='par_1_3' title="bbox 323 1128 1390 1352">
     <span class='ocr_line' id='line_1_6' title="bbox 411 1128 1389 1247; baseline 0.001 -23"><span class='ocrx_word' id='word_1_40' title='bbox 411 1159 447 1247; x_wconf 88' lang='lat'>4)</span> <span class='ocrx_word' id='word_1_41' title='bbox 471 1159 520 1224; x_wconf 91' lang='lat' dir='ltr'>De</span> <span class='ocrx_word' id='word_1_42' title='bbox 544 1128 558 1224; x_wconf 86' lang='grc' dir='ltr'>ε</span> <span class='ocrx_word' id='word_1_43' title='bbox 578 1179 641 1233; x_wconf 82' lang='lat' dir='ltr'>÷e</span> <span class='ocrx_word' id='word_1_44' title='bbox 670 1162 704 1224; x_wconf 91' lang='lat' dir='ltr'>in</span> <span class='ocrx_word' id='word_1_45' title='bbox 728 1161 886 1226; x_wconf 88' lang='lat' dir='ltr'>vocabulo</span> <span class='ocrx_word' id='word_1_46' title='bbox 917 1164 1011 1246; x_wconf 80' lang='grc' dir='ltr'>κῆνος</span> <span class='ocrx_word' id='word_1_47' title='bbox 1037 1163 1115 1247; x_wconf 77' lang='grc' dir='ltr'>ἰοη</span> <span class='ocrx_word' id='word_1_48' title='bbox 1147 1164 1324 1229; x_wconf 84' lang='lat' dir='ltr'>contractis</span> <span class='ocrx_word' id='word_1_49' title='bbox 1354 1163 1389 1225; x_wconf 83' lang='lat' dir='ltr'>ef.</span> 
     </span>
     <span class='ocr_line' id='line_1_7' title="bbox 323 1265 1390 1352; baseline 0.001 -22"><span class='ocrx_word' id='word_1_50' title='bbox 323 1271 352 1348; x_wconf 65' lang='grc' dir='ltr'>ξ.</span> <span class='ocrx_word' id='word_1_51' title='bbox 377 1266 410 1348; x_wconf 90' lang='grc'><strong>2,</strong></span> <span class='ocrx_word' id='word_1_52' title='bbox 433 1266 454 1330; x_wconf 92' lang='grc'><strong>2</strong></span> <span class='ocrx_word' id='word_1_53' title='bbox 481 1266 519 1332; x_wconf 90' lang='grc' dir='ltr'>Β.</span> <span class='ocrx_word' id='word_1_54' title='bbox 545 1267 611 1348; x_wconf 87' lang='lat' dir='ltr'><strong>II.;</strong></span> <span class='ocrx_word' id='word_1_55' title='bbox 635 1265 674 1331; x_wconf 91' lang='lat' dir='ltr'>de</span> <span class='ocrx_word' id='word_1_56' title='bbox 697 1290 711 1331; x_wconf 84' lang='lat' dir='ltr'>e</span> <span class='ocrx_word' id='word_1_57' title='bbox 731 1285 758 1340; x_wconf 82' lang='lat'>÷</span> <span class='ocrx_word' id='word_1_58' title='bbox 778 1291 793 1331; x_wconf 88' lang='grc' dir='ltr'>ε</span> <span class='ocrx_word' id='word_1_59' title='bbox 815 1268 849 1330; x_wconf 91' lang='lat' dir='ltr'>in</span> <span class='ocrx_word' id='word_1_60' title='bbox 873 1290 899 1332; x_wconf 86' lang='grc' dir='ltr'>ει</span> <span class='ocrx_word' id='word_1_61' title='bbox 921 1270 1096 1333; x_wconf 83' lang='lat' dir='ltr'>contractis</span> <span class='ocrx_word' id='word_1_62' title='bbox 1125 1268 1164 1332; x_wconf 81' lang='lat' dir='ltr'>ef.</span> <span class='ocrx_word' id='word_1_63' title='bbox 1192 1274 1222 1351; x_wconf 64' lang='grc' dir='ltr'>ξ.</span> <span class='ocrx_word' id='word_1_64' title='bbox 1246 1270 1280 1352; x_wconf 90' lang='grc'>4,</span> <span class='ocrx_word' id='word_1_65' title='bbox 1304 1270 1337 1352; x_wconf 87' lang='grc'><strong>2,</strong></span> <span class='ocrx_word' id='word_1_66' title='bbox 1360 1268 1390 1331; x_wconf 91' lang='lat' dir='ltr'>b.</span> 
     </span>
    </p>
   </div>
   <div class='ocr_carea' id='block_1_4' title="bbox 412 1407 1216 1494">
    <p class='ocr_par' dir='ltr' id='par_1_4' title="bbox 412 1407 1216 1494">
     <span class='ocr_line' id='line_1_8' title="bbox 412 1407 1216 1494; baseline 0.001 -23"><span class='ocrx_word' id='word_1_67' title='bbox 412 1407 447 1494; x_wconf 76' lang='grc' dir='ltr'>ὁ)</span> <span class='ocrx_word' id='word_1_68' title='bbox 471 1431 486 1472; x_wconf 91' lang='grc' dir='ltr'>ε</span> <span class='ocrx_word' id='word_1_69' title='bbox 506 1426 533 1479; x_wconf 83' lang='lat'>÷</span> <span class='ocrx_word' id='word_1_70' title='bbox 555 1431 565 1472; x_wconf 83' lang='grc' dir='ltr'>ι</span> <span class='ocrx_word' id='word_1_71' title='bbox 586 1408 619 1470; x_wconf 93' lang='lat' dir='ltr'>in</span> <span class='ocrx_word' id='word_1_72' title='bbox 646 1430 672 1472; x_wconf 84' lang='grc' dir='ltr'>ει</span> <span class='ocrx_word' id='word_1_73' title='bbox 694 1407 942 1490; x_wconf 81' lang='lat' dir='ltr'>contrahuntnr3</span> <span class='ocrx_word' id='word_1_74' title='bbox 968 1408 1006 1472; x_wconf 87' lang='lat' dir='ltr'>ef.</span> <span class='ocrx_word' id='word_1_75' title='bbox 1032 1413 1050 1490; x_wconf 69' lang='grc' dir='ltr'>ξ</span> <span class='ocrx_word' id='word_1_76' title='bbox 1074 1410 1106 1490; x_wconf 93' lang='grc'>4,</span> <span class='ocrx_word' id='word_1_77' title='bbox 1131 1409 1162 1491; x_wconf 92' lang='grc'><strong>2,</strong></span> <span class='ocrx_word' id='word_1_78' title='bbox 1187 1430 1216 1472; x_wconf 89' lang='lat' dir='ltr'>a.</span> 
     </span>
    </p>
   </div>
   <div class='ocr_carea' id='block_1_5' title="bbox 255 1549 1415 1829">
    <p class='ocr_par' dir='ltr' id='par_1_5' title="bbox 255 1549 1415 1829">
     <span class='ocr_line' id='line_1_9' title="bbox 413 1549 1415 1636; baseline 0 -21"><span class='ocrx_word' id='word_1_79' title='bbox 413 1551 449 1635; x_wconf 88' lang='grc'>6)</span> <span class='ocrx_word' id='word_1_80' title='bbox 473 1575 487 1614; x_wconf 91' lang='grc' dir='ltr'>ε</span> <span class='ocrx_word' id='word_1_81' title='bbox 507 1568 534 1623; x_wconf 83' lang='lat'>÷</span> <span class='ocrx_word' id='word_1_82' title='bbox 552 1574 582 1615; x_wconf 75' lang='grc' dir='ltr'>οε</span> <span class='ocrx_word' id='word_1_83' title='bbox 606 1550 773 1636; x_wconf 82' lang='lat' dir='ltr'>Insignem</span> <span class='ocrx_word' id='word_1_84' title='bbox 798 1550 858 1615; x_wconf 83' lang='lat' dir='ltr'>hoo</span> <span class='ocrx_word' id='word_1_85' title='bbox 885 1549 955 1615; x_wconf 87' lang='lat' dir='ltr'>loeo</span> <span class='ocrx_word' id='word_1_86' title='bbox 979 1551 1063 1635; x_wconf 83' lang='lat' dir='ltr'>apud</span> <span class='ocrx_word' id='word_1_87' title='bbox 1088 1551 1262 1615; x_wconf 81' lang='lat' dir='ltr'>Dorienses</span> <span class='ocrx_word' id='word_1_88' title='bbox 1289 1553 1415 1615; x_wconf 59' lang='lat' dir='ltr'>varie«</span> 
     </span>
     <span class='ocr_line' id='line_1_10' title="bbox 255 1656 1415 1753; baseline 0.002 -32"><span class='ocrx_word' id='word_1_89' title='bbox 255 1685 259 1691; x_wconf 89' lang='lat'><em>·</em></span> <span class='ocrx_word' id='word_1_90' title='bbox 323 1664 425 1722; x_wconf 87' lang='lat' dir='ltr'>tatem</span> <span class='ocrx_word' id='word_1_91' title='bbox 451 1659 593 1742; x_wconf 81' lang='lat' dir='ltr'>conspici</span> <span class='ocrx_word' id='word_1_92' title='bbox 621 1656 715 1721; x_wconf 82' lang='lat' dir='ltr'>docet</span> <span class='ocrx_word' id='word_1_93' title='bbox 738 1657 873 1741; x_wconf 74' lang='lat' dir='ltr'>Absens,</span> <span class='ocrx_word' id='word_1_94' title='bbox 899 1657 938 1720; x_wconf 91' lang='lat' dir='ltr'>de</span> <span class='ocrx_word' id='word_1_95' title='bbox 967 1659 1041 1724; x_wconf 86' lang='lat' dir='ltr'><strong>dial.</strong></span> <span class='ocrx_word' id='word_1_96' title='bbox 1066 1658 1144 1724; x_wconf 81' lang='lat' dir='ltr'><strong>Dor.</strong></span> <span class='ocrx_word' id='word_1_97' title='bbox 1173 1683 1203 1744; x_wconf 90' lang='lat' dir='ltr'>p.</span> <span class='ocrx_word' id='word_1_98' title='bbox 1228 1659 1306 1753; x_wconf 85' lang='grc'><strong>209.</strong></span> <span class='ocrx_word' id='word_1_99' title='bbox 1355 1659 1415 1723; x_wconf 65' lang='lat' dir='ltr'>[n</span> 
     </span>
     <span class='ocr_line' id='line_1_11' title="bbox 323 1763 871 1829; baseline -0.002 -2"><span class='ocrx_word' id='word_1_100' title='bbox 323 1764 430 1829; x_wconf 84' lang='lat' dir='ltr'>titulis</span> <span class='ocrx_word' id='word_1_101' title='bbox 455 1763 530 1828; x_wconf 84' lang='lat' dir='ltr'>Cois</span> <span class='ocrx_word' id='word_1_102' title='bbox 552 1786 604 1828; x_wconf 87' lang='lat' dir='ltr'>res</span> <span class='ocrx_word' id='word_1_103' title='bbox 628 1766 677 1829; x_wconf 82' lang='lat' dir='ltr'>ita</span> <span class='ocrx_word' id='word_1_104' title='bbox 700 1786 734 1828; x_wconf 82' lang='lat' dir='ltr'>se</span> <span class='ocrx_word' id='word_1_105' title='bbox 758 1764 871 1828; x_wconf 88' lang='lat' dir='ltr'>habet:</span> 
     </span>
    </p>
   </div>
   <div class='ocr_carea' id='block_1_6' title="bbox 323 1889 1415 3145">
    <p class='ocr_par' dir='ltr' id='par_1_6' title="bbox 323 1889 1415 3145">
     <span class='ocr_line' id='line_1_12' title="bbox 411 1889 1415 1974; baseline 0.001 -21"><span class='ocrx_word' id='word_1_106' title='bbox 411 1896 503 1957; x_wconf 64' lang='lat' dir='ltr'>eso</span> <span class='ocrx_word' id='word_1_107' title='bbox 540 1913 603 1952; x_wconf 83' lang='lat' dir='ltr'>non</span> <span class='ocrx_word' id='word_1_108' title='bbox 636 1889 871 1954; x_wconf 81' lang='lat' dir='ltr'>contrahuntur</span> <span class='ocrx_word' id='word_1_109' title='bbox 906 1891 940 1952; x_wconf 89' lang='lat' dir='ltr'>in</span> <span class='ocrx_word' id='word_1_110' title='bbox 982 1889 1148 1954; x_wconf 80' lang='lat' dir='ltr'>vocabulis</span> <span class='ocrx_word' id='word_1_111' title='bbox 1185 1889 1415 1974; x_wconf 59' lang='lat' dir='ltr'>quibusdam„</span> 
     </span>
     <span class='ocr_line' id='line_1_13' title="bbox 324 1995 1415 2081; baseline 0.005 -24"><span class='ocrx_word' id='word_1_112' title='bbox 324 2016 406 2079; x_wconf 84' lang='lat' dir='ltr'>quae</span> <span class='ocrx_word' id='word_1_113' title='bbox 429 2002 574 2061; x_wconf 69' lang='lat' dir='ltr'>exstant</span> <span class='ocrx_word' id='word_1_114' title='bbox 608 1998 642 2058; x_wconf 91' lang='lat' dir='ltr'>in</span> <span class='ocrx_word' id='word_1_115' title='bbox 675 1995 782 2060; x_wconf 83' lang='lat' dir='ltr'>titulis</span> <span class='ocrx_word' id='word_1_116' title='bbox 822 1995 897 2060; x_wconf 86' lang='lat' dir='ltr'>Cois</span> <span class='ocrx_word' id='word_1_117' title='bbox 937 1998 1211 2081; x_wconf 65' lang='lat' dir='ltr'>antiquissimis„</span> <span class='ocrx_word' id='word_1_118' title='bbox 1242 1995 1415 2073; x_wconf 73' lang='grc' dir='ltr'>Θεόδοτος</span> 
     </span>
     <span class='ocr_line' id='line_1_14' title="bbox 324 2101 1415 2187; baseline 0.004 -24"><span class='ocrx_word' id='word_1_119' title='bbox 324 2103 447 2164; x_wconf 90' lang='lat' dir='ltr'>nummi</span> <span class='ocrx_word' id='word_1_120' title='bbox 470 2103 512 2183; x_wconf 76' lang='lat'>5,</span> <span class='ocrx_word' id='word_1_121' title='bbox 538 2123 631 2186; x_wconf 86' lang='lat' dir='ltr'>quem</span> <span class='ocrx_word' id='word_1_122' title='bbox 656 2101 773 2165; x_wconf 77' lang='lat' dir='ltr'>tribuit</span> <span class='ocrx_word' id='word_1_123' title='bbox 790 2102 895 2167; x_wconf 84' lang='lat' dir='ltr'>Paton</span> <span class='ocrx_word' id='word_1_124' title='bbox 919 2110 1034 2187; x_wconf 78' lang='lat' dir='ltr'>quarto</span> <span class='ocrx_word' id='word_1_125' title='bbox 1059 2124 1088 2169; x_wconf 87' lang='lat' dir='ltr'>a.</span> <span class='ocrx_word' id='word_1_126' title='bbox 1105 2101 1179 2167; x_wconf 77' lang='lat' dir='ltr'><strong>Chr.</strong></span> <span class='ocrx_word' id='word_1_127' title='bbox 1196 2126 1227 2168; x_wconf 92' lang='lat' dir='ltr'>n.</span> <span class='ocrx_word' id='word_1_128' title='bbox 1246 2104 1415 2186; x_wconf 77' lang='lat' dir='ltr'>saeeu103</span> 
     </span>
     <span class='ocr_line' id='line_1_15' title="bbox 323 2207 1415 2294; baseline 0 -19"><span class='ocrx_word' id='word_1_129' title='bbox 323 2207 483 2294; x_wconf 51' lang='grc' dir='ltr'>δεομοιρία</span> <span class='ocrx_word' id='word_1_130' title='bbox 506 2210 541 2274; x_wconf 92' lang='grc' dir='ltr'>Ρ.</span> <span class='ocrx_word' id='word_1_131' title='bbox 562 2209 603 2275; x_wconf 90' lang='lat' dir='ltr'>H.</span> <span class='ocrx_word' id='word_1_132' title='bbox 630 2209 681 2274; x_wconf 85' lang='grc'>38.</span> <span class='ocrx_word' id='word_1_133' title='bbox 707 2210 760 2289; x_wconf 91' lang='grc'>20,</span> <span class='ocrx_word' id='word_1_134' title='bbox 785 2209 1013 2293; x_wconf 82' lang='grc' dir='ltr'>Φολεομαχίδαι</span> <span class='ocrx_word' id='word_1_135' title='bbox 1035 2211 1070 2275; x_wconf 92' lang='grc' dir='ltr'>Ρ.</span> <span class='ocrx_word' id='word_1_136' title='bbox 1088 2209 1130 2275; x_wconf 95' lang='lat' dir='ltr'>H.</span> <span class='ocrx_word' id='word_1_137' title='bbox 1149 2210 1200 2274; x_wconf 79' lang='lat'>38.</span> <span class='ocrx_word' id='word_1_138' title='bbox 1222 2212 1260 2273; x_wconf 94' lang='lat'>17</span> <span class='ocrx_word' id='word_1_139' title='bbox 1287 2221 1322 2274; x_wconf 88' lang='lat' dir='ltr'>et</span> <span class='ocrx_word' id='word_1_140' title='bbox 1344 2211 1415 2276; x_wconf 83' lang='lat'>19-</span> 
     </span>
     <span class='ocr_line' id='line_1_16' title="bbox 325 2316 1415 2403; baseline 0.002 -23"><span class='ocrx_word' id='word_1_141' title='bbox 325 2316 433 2380; x_wconf 83' lang='lat' dir='ltr'>Etiam</span> <span class='ocrx_word' id='word_1_142' title='bbox 459 2317 493 2377; x_wconf 91' lang='lat' dir='ltr'>in</span> <span class='ocrx_word' id='word_1_143' title='bbox 517 2316 623 2379; x_wconf 86' lang='lat' dir='ltr'>titulis</span> <span class='ocrx_word' id='word_1_144' title='bbox 647 2317 737 2380; x_wconf 81' lang='lat' dir='ltr'>tertii</span> <span class='ocrx_word' id='word_1_145' title='bbox 761 2316 960 2399; x_wconf 84' lang='lat' dir='ltr'>alteriusque</span> <span class='ocrx_word' id='word_1_146' title='bbox 984 2317 1104 2380; x_wconf 83' lang='lat' dir='ltr'>saeculi</span> <span class='ocrx_word' id='word_1_147' title='bbox 1129 2317 1278 2403; x_wconf 88' lang='lat' dir='ltr'>exempla</span> <span class='ocrx_word' id='word_1_148' title='bbox 1295 2340 1415 2402; x_wconf 79' lang='lat' dir='ltr'>quae-</span> 
     </span>
     <span class='ocr_line' id='line_1_17' title="bbox 323 2420 1415 2508; baseline 0.001 -24"><span class='ocrx_word' id='word_1_149' title='bbox 323 2422 396 2485; x_wconf 85' lang='lat' dir='ltr'>dam</span> <span class='ocrx_word' id='word_1_150' title='bbox 421 2430 568 2486; x_wconf 85' lang='lat' dir='ltr'>exstant:</span> <span class='ocrx_word' id='word_1_151' title='bbox 588 2420 758 2506; x_wconf 76' lang='grc' dir='ltr'>Ἐτεοκλῆς</span> <span class='ocrx_word' id='word_1_152' title='bbox 789 2423 822 2486; x_wconf 89' lang='grc' dir='ltr'><strong>Ρ,</strong></span> <span class='ocrx_word' id='word_1_153' title='bbox 848 2423 888 2489; x_wconf 90' lang='lat' dir='ltr'>H.</span> <span class='ocrx_word' id='word_1_154' title='bbox 917 2423 957 2488; x_wconf 89' lang='grc'>10</span> <span class='ocrx_word' id='word_1_155' title='bbox 985 2446 1010 2487; x_wconf 86' lang='lat' dir='ltr'>e.</span> <span class='ocrx_word' id='word_1_156' title='bbox 1038 2424 1089 2504; x_wconf 86' lang='lat'>78,</span> <span class='ocrx_word' id='word_1_157' title='bbox 1117 2421 1335 2508; x_wconf 77' lang='grc' dir='ltr'>Κλεόμβροτος</span> <span class='ocrx_word' id='word_1_158' title='bbox 1358 2425 1415 2488; x_wconf 77' lang='grc' dir='ltr'>Ρ.</span> 
     </span>
     <span class='ocr_line' id='line_1_18' title="bbox 325 2527 1415 2612; baseline 0.001 -20"><span class='ocrx_word' id='word_1_159' title='bbox 325 2529 365 2592; x_wconf 99' lang='grc' dir='ltr'>Η.</span> <span class='ocrx_word' id='word_1_160' title='bbox 394 2530 434 2592; x_wconf 93' lang='grc'><strong>10</strong></span> <span class='ocrx_word' id='word_1_161' title='bbox 458 2551 485 2591; x_wconf 87' lang='lat' dir='ltr'>e.</span> <span class='ocrx_word' id='word_1_162' title='bbox 509 2530 562 2594; x_wconf 92' lang='grc'>24.</span> <span class='ocrx_word' id='word_1_163' title='bbox 609 2527 749 2604; x_wconf 75' lang='grc' dir='ltr'>Λεόντιος</span> <span class='ocrx_word' id='word_1_164' title='bbox 772 2531 809 2594; x_wconf 89' lang='grc' dir='ltr'>Ρ.</span> <span class='ocrx_word' id='word_1_165' title='bbox 829 2531 870 2595; x_wconf 92' lang='grc' dir='ltr'>Η.</span> <span class='ocrx_word' id='word_1_166' title='bbox 901 2533 938 2593; x_wconf 92' lang='grc'><strong>10</strong></span> <span class='ocrx_word' id='word_1_167' title='bbox 962 2552 987 2593; x_wconf 89' lang='grc' dir='ltr'>ο.</span> <span class='ocrx_word' id='word_1_168' title='bbox 1013 2531 1066 2612; x_wconf 89' lang='grc'>24,</span> <span class='ocrx_word' id='word_1_169' title='bbox 1090 2529 1271 2607; x_wconf 73' lang='grc' dir='ltr'>Λεόντεοκος</span> <span class='ocrx_word' id='word_1_170' title='bbox 1298 2532 1333 2598; x_wconf 91' lang='lat' dir='ltr'>P.</span> <span class='ocrx_word' id='word_1_171' title='bbox 1353 2532 1415 2594; x_wconf 87' lang='lat' dir='ltr'>H.</span> 
     </span>
     <span class='ocr_line' id='line_1_19' title="bbox 327 2635 1415 2726; baseline -0.002 -27"><span class='ocrx_word' id='word_1_172' title='bbox 327 2637 367 2699; x_wconf 93' lang='grc'>10</span> <span class='ocrx_word' id='word_1_173' title='bbox 392 2657 418 2700; x_wconf 89' lang='grc' dir='ltr'><strong>ο.</strong></span> <span class='ocrx_word' id='word_1_174' title='bbox 437 2636 489 2700; x_wconf 81' lang='grc'>37,</span> <span class='ocrx_word' id='word_1_175' title='bbox 523 2636 563 2698; x_wconf 94' lang='lat' dir='ltr'>In</span> <span class='ocrx_word' id='word_1_176' title='bbox 588 2637 695 2699; x_wconf 83' lang='lat' dir='ltr'>titulis</span> <span class='ocrx_word' id='word_1_177' title='bbox 720 2637 952 2726; x_wconf 81' lang='lat' dir='ltr'>recentioribus</span> <span class='ocrx_word' id='word_1_178' title='bbox 977 2637 1056 2701; x_wconf 80' lang='lat' dir='ltr'>haee</span> <span class='ocrx_word' id='word_1_179' title='bbox 1073 2643 1203 2700; x_wconf 83' lang='lat' dir='ltr'>exstant</span> <span class='ocrx_word' id='word_1_180' title='bbox 1227 2635 1415 2722; x_wconf 77' lang='lat' dir='ltr'>exempla:</span> 
     </span>
     <span class='ocr_line' id='line_1_20' title="bbox 324 2726 1415 2831; baseline 0.004 -25"><span class='ocrx_word' id='word_1_181' title='bbox 324 2745 482 2826; x_wconf 75' lang='grc' dir='ltr'>Θεογάμοα</span> <span class='ocrx_word' id='word_1_182' title='bbox 505 2743 539 2808; x_wconf 91' lang='grc' dir='ltr'>Ρ.</span> <span class='ocrx_word' id='word_1_183' title='bbox 565 2743 606 2808; x_wconf 89' lang='lat' dir='ltr'><strong>H.</strong></span> <span class='ocrx_word' id='word_1_184' title='bbox 635 2745 707 2808; x_wconf 75' lang='grc'><strong>106.</strong></span> <span class='ocrx_word' id='word_1_185' title='bbox 736 2745 786 2824; x_wconf 95' lang='grc'>11,</span> <span class='ocrx_word' id='word_1_186' title='bbox 807 2726 960 2827; x_wconf 80' lang='grc' dir='ltr'>Θεογένης</span> <span class='ocrx_word' id='word_1_187' title='bbox 987 2745 1018 2806; x_wconf 93' lang='grc' dir='ltr'>Ρ.</span> <span class='ocrx_word' id='word_1_188' title='bbox 1036 2744 1076 2809; x_wconf 89' lang='grc' dir='ltr'>Η.</span> <span class='ocrx_word' id='word_1_189' title='bbox 1095 2746 1168 2810; x_wconf 90' lang='grc'><strong>214.</strong></span> <span class='ocrx_word' id='word_1_190' title='bbox 1187 2744 1219 2823; x_wconf 90' lang='grc'><strong>2,</strong></span> <span class='ocrx_word' id='word_1_191' title='bbox 1242 2745 1415 2831; x_wconf 69' lang='grc' dir='ltr'>ἱλεοοεβης</span> 
     </span>
     <span class='ocr_line' id='line_1_21' title="bbox 324 2849 1415 2933; baseline 0.003 -21"><span class='ocrx_word' id='word_1_192' title='bbox 324 2850 359 2912; x_wconf 90' lang='grc' dir='ltr'><strong>Ρ.</strong></span> <span class='ocrx_word' id='word_1_193' title='bbox 376 2849 418 2911; x_wconf 94' lang='grc' dir='ltr'><strong>Η.</strong></span> <span class='ocrx_word' id='word_1_194' title='bbox 443 2850 518 2927; x_wconf 82' lang='grc'><strong>279,</strong></span> <span class='ocrx_word' id='word_1_195' title='bbox 544 2849 730 2930; x_wconf 76' lang='grc' dir='ltr'>Κλεόβουλος</span> <span class='ocrx_word' id='word_1_196' title='bbox 753 2851 787 2915; x_wconf 93' lang='lat' dir='ltr'><strong>P.</strong></span> <span class='ocrx_word' id='word_1_197' title='bbox 805 2850 846 2915; x_wconf 90' lang='lat' dir='ltr'><strong>H.</strong></span> <span class='ocrx_word' id='word_1_198' title='bbox 864 2851 938 2915; x_wconf 85' lang='grc'><strong>296,</strong></span> <span class='ocrx_word' id='word_1_199' title='bbox 968 2852 995 2931; x_wconf 96' lang='lat'>1,</span> <span class='ocrx_word' id='word_1_200' title='bbox 1021 2849 1173 2933; x_wconf 78' lang='grc' dir='ltr'>Κλεονίκη</span> <span class='ocrx_word' id='word_1_201' title='bbox 1198 2849 1293 2914; x_wconf 83' lang='grc' dir='ltr'>ΡΗ.</span> <span class='ocrx_word' id='word_1_202' title='bbox 1319 2851 1385 2916; x_wconf 84' lang='grc'>398</span> <span class='ocrx_word' id='word_1_203' title='bbox 1400 2894 1415 2907; x_wconf 81' lang='lat'>-</span> 
     </span>
     <span class='ocr_line' id='line_1_22' title="bbox 323 2946 1414 3040; baseline 0.003 -21"><span class='ocrx_word' id='word_1_204' title='bbox 323 2956 355 3037; x_wconf 85' lang='lat'>5,</span> <span class='ocrx_word' id='word_1_205' title='bbox 388 2956 575 3040; x_wconf 82' lang='grc' dir='ltr'>Κλεοπάτρα</span> <span class='ocrx_word' id='word_1_206' title='bbox 600 2958 633 3020; x_wconf 90' lang='grc' dir='ltr'>Ρ.</span> <span class='ocrx_word' id='word_1_207' title='bbox 661 2956 702 3020; x_wconf 93' lang='grc' dir='ltr'><strong>Η.</strong></span> <span class='ocrx_word' id='word_1_208' title='bbox 730 2957 781 3020; x_wconf 86' lang='grc'>73.</span> <span class='ocrx_word' id='word_1_209' title='bbox 807 2946 836 3018; x_wconf 88' lang='grc'><strong>2</strong></span> <span class='ocrx_word' id='word_1_210' title='bbox 859 2964 893 3020; x_wconf 90' lang='lat' dir='ltr'>et</span> <span class='ocrx_word' id='word_1_211' title='bbox 924 2956 1033 3038; x_wconf 78' lang='lat' dir='ltr'>semel,</span> <span class='ocrx_word' id='word_1_212' title='bbox 1062 2953 1260 3040; x_wconf 83' lang='grc' dir='ltr'>Κλεόπατρος</span> <span class='ocrx_word' id='word_1_213' title='bbox 1289 2958 1326 3022; x_wconf 92' lang='grc' dir='ltr'><strong>Ρ.</strong></span> <span class='ocrx_word' id='word_1_214' title='bbox 1356 2959 1414 3022; x_wconf 86' lang='lat' dir='ltr'><strong>H-</strong></span> 
     </span>
     <span class='ocr_line' id='line_1_23' title="bbox 328 3063 1004 3145; baseline 0.001 -20"><span class='ocrx_word' id='word_1_215' title='bbox 328 3065 406 3145; x_wconf 83' lang='grc'><strong>186,</strong></span> <span class='ocrx_word' id='word_1_216' title='bbox 422 3066 546 3137; x_wconf 75' lang='grc' dir='ltr'>Λέοντος</span> <span class='ocrx_word' id='word_1_217' title='bbox 568 3063 604 3125; x_wconf 94' lang='grc' dir='ltr'>Ρ.</span> <span class='ocrx_word' id='word_1_218' title='bbox 630 3064 670 3126; x_wconf 93' lang='lat' dir='ltr'><strong>H.</strong></span> <span class='ocrx_word' id='word_1_219' title='bbox 695 3064 748 3126; x_wconf 86' lang='lat'>47.</span> <span class='ocrx_word' id='word_1_220' title='bbox 777 3064 815 3128; x_wconf 91' lang='grc'><strong>13</strong></span> <span class='ocrx_word' id='word_1_221' title='bbox 841 3073 873 3127; x_wconf 90' lang='lat' dir='ltr'>et</span> <span class='ocrx_word' id='word_1_222' title='bbox 897 3064 1004 3126; x_wconf 89' lang='lat' dir='ltr'><strong>semel.</strong></span> 
     </span>
    </p>
   </div>
   <div class='ocr_carea' id='block_1_7' title="bbox 324 3184 1408 3378">
    <p class='ocr_par' dir='ltr' id='par_1_7' title="bbox 324 3184 1408 3378">
     <span class='ocr_line' id='line_1_24' title="bbox 412 3184 1408 3252; baseline -0.003 -2"><span class='ocrx_word' id='word_1_223' title='bbox 412 3185 670 3250; x_wconf 82' lang='lat' dir='ltr'>Usitetissimam</span> <span class='ocrx_word' id='word_1_224' title='bbox 695 3195 801 3251; x_wconf 84' lang='lat' dir='ltr'>antem</span> <span class='ocrx_word' id='word_1_225' title='bbox 832 3189 865 3249; x_wconf 90' lang='lat' dir='ltr'>in</span> <span class='ocrx_word' id='word_1_226' title='bbox 899 3186 1005 3250; x_wconf 86' lang='lat' dir='ltr'>titulis</span> <span class='ocrx_word' id='word_1_227' title='bbox 1031 3184 1105 3250; x_wconf 84' lang='lat' dir='ltr'>Cois</span> <span class='ocrx_word' id='word_1_228' title='bbox 1137 3190 1408 3252; x_wconf 81' lang='lat' dir='ltr'>contractionem</span> 
     </span>
     <span class='ocr_line' id='line_1_25' title="bbox 324 3293 1282 3378; baseline 0.004 -24"><span class='ocrx_word' id='word_1_229' title='bbox 324 3295 357 3354; x_wconf 93' lang='lat' dir='ltr'>in</span> <span class='ocrx_word' id='word_1_230' title='bbox 381 3316 411 3356; x_wconf 89' lang='grc' dir='ltr'>εο</span> <span class='ocrx_word' id='word_1_231' title='bbox 434 3293 468 3355; x_wconf 87' lang='lat' dir='ltr'>in</span> <span class='ocrx_word' id='word_1_232' title='bbox 493 3316 524 3356; x_wconf 92' lang='grc' dir='ltr'>εο</span> <span class='ocrx_word' id='word_1_233' title='bbox 548 3294 647 3355; x_wconf 87' lang='lat' dir='ltr'>fuisse</span> <span class='ocrx_word' id='word_1_234' title='bbox 672 3314 711 3356; x_wconf 83' lang='lat' dir='ltr'>ex</span> <span class='ocrx_word' id='word_1_235' title='bbox 736 3295 891 3358; x_wconf 86' lang='lat' dir='ltr'>sescentis</span> <span class='ocrx_word' id='word_1_236' title='bbox 916 3294 1112 3357; x_wconf 85' lang='lat' dir='ltr'>testimoniis</span> <span class='ocrx_word' id='word_1_237' title='bbox 1136 3299 1282 3378; x_wconf 81' lang='lat' dir='ltr'><strong>apparet.</strong></span> 
     </span>
    </p>
   </div>
   <div class='ocr_carea' id='block_1_8' title="bbox 497 3432 1216 3520">
    <p class='ocr_par' dir='ltr' id='par_1_8' title="bbox 497 3432 1216 3520">
     <span class='ocr_line' id='line_1_26' title="bbox 497 3432 1216 3520; baseline 0.003 -23"><span class='ocrx_word' id='word_1_238' title='bbox 497 3435 532 3519; x_wconf 82' lang='lat' dir='ltr'>a)</span> <span class='ocrx_word' id='word_1_239' title='bbox 555 3436 588 3496; x_wconf 92' lang='lat' dir='ltr'>in</span> <span class='ocrx_word' id='word_1_240' title='bbox 614 3436 801 3520; x_wconf 80' lang='lat' dir='ltr'>compositis</span> <span class='ocrx_word' id='word_1_241' title='bbox 825 3458 896 3500; x_wconf 85' lang='lat' dir='ltr'>eum</span> <span class='ocrx_word' id='word_1_242' title='bbox 920 3432 1008 3514; x_wconf 74' lang='grc' dir='ltr'>ἳλεός,</span> <span class='ocrx_word' id='word_1_243' title='bbox 1026 3437 1120 3514; x_wconf 71' lang='grc' dir='ltr'>κλέος,</span> <span class='ocrx_word' id='word_1_244' title='bbox 1144 3432 1216 3509; x_wconf 80' lang='grc' dir='ltr'>νεός.</span> 
     </span>
    </p>
   </div>
   <div class='ocr_carea' id='block_1_9' title="bbox 323 3576 1398 4197">
    <p class='ocr_par' dir='ltr' id='par_1_9' title="bbox 323 3576 1398 4197">
     <span class='ocr_line' id='line_1_27' title="bbox 412 3576 1398 3666; baseline 0.001 -24"><span class='ocrx_word' id='word_1_245' title='bbox 412 3578 562 3661; x_wconf 79' lang='grc' dir='ltr'>Θεογένης</span> <span class='ocrx_word' id='word_1_246' title='bbox 588 3579 621 3642; x_wconf 92' lang='lat' dir='ltr'><strong>P.</strong></span> <span class='ocrx_word' id='word_1_247' title='bbox 647 3577 688 3639; x_wconf 95' lang='lat' dir='ltr'><strong>H.</strong></span> <span class='ocrx_word' id='word_1_248' title='bbox 711 3579 752 3642; x_wconf 89' lang='lat'>10</span> <span class='ocrx_word' id='word_1_249' title='bbox 776 3601 801 3642; x_wconf 89' lang='lat' dir='ltr'>e.</span> <span class='ocrx_word' id='word_1_250' title='bbox 827 3578 870 3641; x_wconf 90' lang='grc'>20</span> <span class='ocrx_word' id='word_1_251' title='bbox 894 3585 928 3642; x_wconf 87' lang='lat' dir='ltr'>et</span> <span class='ocrx_word' id='word_1_252' title='bbox 951 3584 1065 3662; x_wconf 83' lang='lat' dir='ltr'>qnater</span> <span class='ocrx_word' id='word_1_253' title='bbox 1096 3576 1211 3656; x_wconf 87' lang='lat' dir='ltr'>deeies,</span> <span class='ocrx_word' id='word_1_254' title='bbox 1237 3576 1398 3666; x_wconf 65' lang='grc' dir='ltr'>Θεο1δαιῚ·</span> 
     </span>
     <span class='ocr_line' id='line_1_28' title="bbox 323 3682 1396 3768; baseline -0.002 -19"><span class='ocrx_word' id='word_1_255' title='bbox 323 3705 385 3759; x_wconf 81' lang='grc' dir='ltr'>οιος</span> <span class='ocrx_word' id='word_1_256' title='bbox 408 3684 444 3748; x_wconf 88' lang='grc' dir='ltr'><strong>Ρ.</strong></span> <span class='ocrx_word' id='word_1_257' title='bbox 466 3684 508 3749; x_wconf 92' lang='lat' dir='ltr'>H.</span> <span class='ocrx_word' id='word_1_258' title='bbox 534 3685 575 3748; x_wconf 85' lang='lat'>36</span> <span class='ocrx_word' id='word_1_259' title='bbox 601 3706 629 3752; x_wconf 88' lang='lat' dir='ltr'>a.</span> <span class='ocrx_word' id='word_1_260' title='bbox 658 3686 709 3765; x_wconf 92' lang='lat'>14,</span> <span class='ocrx_word' id='word_1_261' title='bbox 733 3684 877 3768; x_wconf 82' lang='grc' dir='ltr'>Θεοδοοίη</span> <span class='ocrx_word' id='word_1_262' title='bbox 902 3685 938 3747; x_wconf 87' lang='grc' dir='ltr'><strong>Ρ.</strong></span> <span class='ocrx_word' id='word_1_263' title='bbox 960 3684 1000 3747; x_wconf 92' lang='grc' dir='ltr'>Η,</span> <span class='ocrx_word' id='word_1_264' title='bbox 1028 3684 1091 3747; x_wconf 83' lang='grc'>368</span> <span class='ocrx_word' id='word_1_265' title='bbox 1116 3682 1181 3748; x_wconf 86' lang='grc' dir='ltr'>ΙΙΙ,</span> <span class='ocrx_word' id='word_1_266' title='bbox 1206 3684 1249 3746; x_wconf 90' lang='grc'>43</span> <span class='ocrx_word' id='word_1_267' title='bbox 1275 3696 1308 3747; x_wconf 88' lang='lat' dir='ltr'>et</span> <span class='ocrx_word' id='word_1_268' title='bbox 1333 3685 1396 3763; x_wconf 90' lang='lat' dir='ltr'>bis,</span> 
     </span>
     <span class='ocr_line' id='line_1_29' title="bbox 324 3789 1393 3873; baseline 0.001 -20"><span class='ocrx_word' id='word_1_269' title='bbox 324 3790 460 3855; x_wconf 90' lang='grc' dir='ltr'>Θεοδότα</span> <span class='ocrx_word' id='word_1_270' title='bbox 483 3791 519 3853; x_wconf 89' lang='grc' dir='ltr'><strong>Ρ.</strong></span> <span class='ocrx_word' id='word_1_271' title='bbox 534 3790 575 3857; x_wconf 88' lang='grc' dir='ltr'>Η.</span> <span class='ocrx_word' id='word_1_272' title='bbox 594 3792 669 3855; x_wconf 83' lang='grc'><strong>419.</strong></span> <span class='ocrx_word' id='word_1_273' title='bbox 692 3793 720 3873; x_wconf 92' lang='grc'><strong>1,</strong></span> <span class='ocrx_word' id='word_1_274' title='bbox 745 3789 894 3867; x_wconf 74' lang='grc' dir='ltr'>Θεόδοτος</span> <span class='ocrx_word' id='word_1_275' title='bbox 917 3791 953 3852; x_wconf 95' lang='grc' dir='ltr'>Ρ.</span> <span class='ocrx_word' id='word_1_276' title='bbox 970 3790 1011 3855; x_wconf 91' lang='grc' dir='ltr'><strong>Η.</strong></span> <span class='ocrx_word' id='word_1_277' title='bbox 1032 3791 1073 3853; x_wconf 94' lang='grc'><strong>10</strong></span> <span class='ocrx_word' id='word_1_278' title='bbox 1090 3791 1152 3853; x_wconf 67' lang='lat' dir='ltr'>ns</span> <span class='ocrx_word' id='word_1_279' title='bbox 1177 3795 1210 3852; x_wconf 87' lang='lat' dir='ltr'>et</span> <span class='ocrx_word' id='word_1_280' title='bbox 1231 3789 1393 3864; x_wconf 79' lang='lat' dir='ltr'>undecies,</span> 
     </span>
     <span class='ocr_line' id='line_1_30' title="bbox 324 3894 1390 3980; baseline -0.002 -20"><span class='ocrx_word' id='word_1_281' title='bbox 324 3894 477 3980; x_wconf 84' lang='grc' dir='ltr'>Θεόδωρος</span> <span class='ocrx_word' id='word_1_282' title='bbox 501 3898 537 3960; x_wconf 89' lang='grc' dir='ltr'>Ρ.</span> <span class='ocrx_word' id='word_1_283' title='bbox 555 3898 596 3961; x_wconf 89' lang='grc' dir='ltr'><strong>Η.</strong></span> <span class='ocrx_word' id='word_1_284' title='bbox 617 3901 657 3964; x_wconf 92' lang='grc'><strong>10</strong></span> <span class='ocrx_word' id='word_1_285' title='bbox 681 3921 709 3960; x_wconf 85' lang='lat' dir='ltr'>a.</span> <span class='ocrx_word' id='word_1_286' title='bbox 736 3898 777 3961; x_wconf 87' lang='grc'>68</span> <span class='ocrx_word' id='word_1_287' title='bbox 802 3904 835 3960; x_wconf 93' lang='lat' dir='ltr'>et</span> <span class='ocrx_word' id='word_1_288' title='bbox 858 3900 959 3962; x_wconf 81' lang='lat' dir='ltr'>vicies</span> <span class='ocrx_word' id='word_1_289' title='bbox 985 3899 1101 3977; x_wconf 86' lang='lat' dir='ltr'>sexies,</span> <span class='ocrx_word' id='word_1_290' title='bbox 1125 3895 1276 3980; x_wconf 81' lang='grc' dir='ltr'>Θεοδωρίς</span> <span class='ocrx_word' id='word_1_291' title='bbox 1291 3897 1328 3962; x_wconf 92' lang='grc' dir='ltr'>Ρ.</span> <span class='ocrx_word' id='word_1_292' title='bbox 1353 3898 1390 3960; x_wconf 93' lang='grc' dir='ltr'><strong>Η.</strong></span> 
     </span>
     <span class='ocr_line' id='line_1_31' title="bbox 323 4003 1389 4089; baseline 0.001 -22"><span class='ocrx_word' id='word_1_293' title='bbox 323 4004 398 4069; x_wconf 88' lang='grc'><strong>333.</strong></span> <span class='ocrx_word' id='word_1_294' title='bbox 423 4005 444 4066; x_wconf 92' lang='grc'><strong>4</strong></span> <span class='ocrx_word' id='word_1_295' title='bbox 468 4010 500 4067; x_wconf 90' lang='lat' dir='ltr'>et</span> <span class='ocrx_word' id='word_1_296' title='bbox 523 4004 583 4085; x_wconf 87' lang='lat' dir='ltr'>bis,</span> <span class='ocrx_word' id='word_1_297' title='bbox 617 4003 806 4089; x_wconf 86' lang='grc' dir='ltr'>Θεοδωρίδας</span> <span class='ocrx_word' id='word_1_298' title='bbox 838 4009 872 4070; x_wconf 93' lang='lat' dir='ltr'>P.</span> <span class='ocrx_word' id='word_1_299' title='bbox 899 4005 938 4070; x_wconf 93' lang='lat' dir='ltr'>H.</span> <span class='ocrx_word' id='word_1_300' title='bbox 963 4005 1037 4070; x_wconf 87' lang='grc'><strong>406.</strong></span> <span class='ocrx_word' id='word_1_301' title='bbox 1064 4005 1094 4084; x_wconf 78' lang='grc'>5,</span> <span class='ocrx_word' id='word_1_302' title='bbox 1129 4007 1265 4086; x_wconf 72' lang='grc' dir='ltr'>Θεοκλῆς</span> <span class='ocrx_word' id='word_1_303' title='bbox 1289 4004 1324 4069; x_wconf 89' lang='grc' dir='ltr'>Ρ.</span> <span class='ocrx_word' id='word_1_304' title='bbox 1351 4004 1389 4068; x_wconf 92' lang='grc' dir='ltr'><strong>Η.</strong></span> 
     </span>
     <span class='ocr_line' id='line_1_32' title="bbox 324 4098 1389 4197; baseline 0.001 -24"><span class='ocrx_word' id='word_1_305' title='bbox 324 4109 387 4173; x_wconf 87' lang='grc'>368</span> <span class='ocrx_word' id='word_1_306' title='bbox 405 4109 446 4172; x_wconf 91' lang='lat' dir='ltr'>V.</span> <span class='ocrx_word' id='word_1_307' title='bbox 465 4117 498 4173; x_wconf 88' lang='lat' dir='ltr'>et</span> <span class='ocrx_word' id='word_1_308' title='bbox 520 4116 580 4189; x_wconf 87' lang='lat' dir='ltr'>ter,</span> <span class='ocrx_word' id='word_1_309' title='bbox 605 4110 785 4197; x_wconf 84' lang='grc' dir='ltr'>Θεοκροὶτης</span> <span class='ocrx_word' id='word_1_310' title='bbox 811 4113 848 4178; x_wconf 88' lang='lat' dir='ltr'>D.</span> <span class='ocrx_word' id='word_1_311' title='bbox 867 4112 893 4176; x_wconf 90' lang='lat' dir='ltr'>I.</span> <span class='ocrx_word' id='word_1_312' title='bbox 916 4098 1016 4175; x_wconf 88' lang='grc'><strong>3611.</strong></span> <span class='ocrx_word' id='word_1_313' title='bbox 1041 4112 1060 4173; x_wconf 93' lang='grc'><strong>2</strong></span> <span class='ocrx_word' id='word_1_314' title='bbox 1086 4119 1119 4175; x_wconf 87' lang='lat' dir='ltr'>et</span> <span class='ocrx_word' id='word_1_315' title='bbox 1143 4111 1251 4185; x_wconf 86' lang='lat' dir='ltr'>semel,</span> <span class='ocrx_word' id='word_1_316' title='bbox 1269 4109 1389 4195; x_wconf 82' lang='grc' dir='ltr'>Θεόκρι-</span> 
     </span>
    </p>
   </div>
   <div class='ocr_carea' id='block_1_10' title="bbox 325 4214 1390 4305">
    <p class='ocr_par' dir='ltr' id='par_1_10' title="bbox 325 4214 1390 4305">
     <span class='ocr_line' id='line_1_33' title="bbox 325 4214 1390 4305; baseline 0.001 -24"><span class='ocrx_word' id='word_1_317' title='bbox 325 4214 398 4305; x_wconf 57' lang='lat' dir='ltr'>[see]</span> <span class='ocrx_word' id='word_1_318' title='bbox 425 4217 460 4283; x_wconf 88' lang='lat' dir='ltr'>P.</span> <span class='ocrx_word' id='word_1_319' title='bbox 485 4216 526 4278; x_wconf 90' lang='lat' dir='ltr'>H.</span> <span class='ocrx_word' id='word_1_320' title='bbox 559 4218 599 4280; x_wconf 92' lang='grc'><strong>10</strong></span> <span class='ocrx_word' id='word_1_321' title='bbox 623 4217 652 4282; x_wconf 94' lang='lat' dir='ltr'>b.</span> <span class='ocrx_word' id='word_1_322' title='bbox 682 4218 739 4300; x_wconf 71' lang='lat'>59,</span> <span class='ocrx_word' id='word_1_323' title='bbox 764 4216 959 4301; x_wconf 82' lang='grc' dir='ltr'>Θεόμναοτος</span> <span class='ocrx_word' id='word_1_324' title='bbox 984 4219 1018 4280; x_wconf 92' lang='grc' dir='ltr'>Ρ.</span> <span class='ocrx_word' id='word_1_325' title='bbox 1044 4218 1084 4282; x_wconf 93' lang='lat' dir='ltr'>H.</span> <span class='ocrx_word' id='word_1_326' title='bbox 1117 4219 1157 4281; x_wconf 86' lang='lat'>10</span> <span class='ocrx_word' id='word_1_327' title='bbox 1185 4217 1215 4278; x_wconf 90' lang='lat' dir='ltr'>d.</span> <span class='ocrx_word' id='word_1_328' title='bbox 1240 4218 1294 4294; x_wconf 78' lang='lat'>38,</span> <span class='ocrx_word' id='word_1_329' title='bbox 1319 4223 1390 4282; x_wconf 89' lang='grc' dir='ltr'>Θεο-</span> 
     </span>
    </p>
   </div>
   <div class='ocr_carea' id='block_1_11' title="bbox 0 0 1435 5018">
    <p class='ocr_par' dir='ltr' id='par_1_11' title="bbox 0 0 1435 5018">
     <span class='ocr_line' id='line_1_34' title="bbox 0 0 1435 5018; baseline 0 0"><span class='ocrx_word' id='word_1_330' title='bbox 0 0 1435 5018; x_wconf 95' lang='lat' dir='ltr'> </span> 
     </span>
    </p>
   </div>
  </div>
 </body>
</html>
