2946 5018
755 497 930 550 ..16-

310 675 393 760 sing.
413 675 448 738 in
461 712 501 729 —
514 697 548 759 ηι
571 681 604 740 et
627 673 848 740 nominatione
865 674 988 760 pluria
1002 711 1045 721 -—
1058 694 1096 758 ης
1116 694 1156 738 ex
1176 693 1257 761 ηεες
1272 694 1382 738 occur·

310 787 396 860 runt,
420 802 503 866 quae
526 781 649 846 formae
672 782 707 844 in
730 781 838 847 titulis
863 779 938 846 (lois
961 782 1053 847 tertii
1077 780 1198 846 saeculi
1222 803 1382 866 apparere

309 887 506 963 desiverunt.
540 887 668 953 Titulos
691 887 845 974 parvulos
870 888 907 955 P.
921 887 963 955 H.
987 889 1042 971 53,
1058 888 1125 953 420
1148 895 1180 953 et
1196 888 1258 951 431
1279 889 1380 954 etiam

309 994 350 1060 a'd
386 1004 535 1080 quartum
572 993 736 1060 saeculum
771 998 934 1081 pertinere
975 996 1079 1061 solnm
1120 1017 1159 1060 ex
1193 995 1382 1061 litterarum

308 1102 421 1167 formis
443 1105 526 1168 satis
549 1104 695 1188 antiquis
719 1101 867 1167 concludi
891 1108 1009 1189 potest.

398 1208 523 1273 Deinde
559 1207 600 1273 ad
630 1204 747 1275 titulos
778 1211 869 1274 tertii
900 1217 999 1295 atque
1032 1209 1167 1275 alterius
1196 1231 1226 1273 a.
1246 1206 1322 1273 0111.
1347 1229 1381 1274 n.

219 1320 221 1324 ’
309 1315 429 1381 saeculi
453 1314 643 1383 accedentes
666 1317 814 1382 videmus
838 1340 903 1381 non
926 1315 1021 1382 facile
1045 1338 1084 1380 ex
1108 1315 1239 1380 dialecti
1263 1315 1382 1381 habitu

308 1431 437 1508 tempus
472 1423 586 1488 horum
616 1423 787 1490 titulorum
818 1423 945 1487 definiri
962 1414 1080 1508 posse.
1129 1421 1385 1508 Comparatione

308 1530 398 1594 tituli
422 1529 462 1598 D.
482 1530 510 1595 I.
534 1530 634 1614 3611,
659 1532 715 1615 qui
746 1529 788 1594 ad
819 1552 939 1594 anunm
972 1530 1100 1595 circiter
1123 1551 1152 1596 a.
1178 1527 1235 1594 ch.
1260 1551 1290 1595 n.
1316 1529 1385 1597 305

307 1639 466 1721 pertinet,
501 1658 573 1701 oum
604 1637 703 1703 titulo
734 1638 769 1704 P.
794 1637 835 1704 H.
873 1636 947 1720 367,
981 1659 1076 1722 quem
1115 1637 1248 1700 exeunti
1278 1638 1380 1700 tertio

308 1743 436 1809 saeculo
467 1764 565 1829 supra
588 1743 774 1828 tribuimus,
799 1749 934 1830 apparet
951 1743 1082 1808 Doridis
1106 1743 1254 1808 habitum
1278 1743 1313 1806 in
1329 1742 1385 1806 his
1457 1739 1462 1748 ’

307 1849 432 1914 duobus
465 1849 575 1914 titulis
606 1849 703 1934 plane
734 1849 869 1914 eandem
904 1871 984 1916 esse.
1032 1850 1073 1914 In
1109 1856 1252 1934 utroquo.
1278 1848 1382 1913 titulo

307 1955 418 2020 eodem
452 1956 545 2020 modo
583 1958 721 2023 occurrit
753 1943 781 2022 ἆ
809 1979 867 2041 pro
891 1981 921 2044 η,
952 1946 978 2023 ἆ
1017 1978 1057 2022 ex
1085 1944 1129 2022 no
1167 1955 1236 2020 scil.
1266 1941 1317 2020 aa
1347 1957 1383 2018 in

304 2071 418 2148 genet.
465 2064 547 2147 sing.
594 2063 846 2128 masculinorum
882 2064 914 2125 in
946 2101 987 2111 -
1013 2083 1051 2140 ας
1085 2070 1118 2127 et
1151 2062 1384 2126 femininorum

306 2173 341 2234 in
355 2207 395 2217 -—
415 2197 436 2235 α
460 2179 546 2253 01111,
576 2195 606 2236 so
636 2170 840 2236 contrahitur
863 2171 897 2232 in
926 2193 967 2250 ευ,
998 2171 1097 2234 tertia
1127 2189 1266 2255 persona
1294 2166 1380 2253 plur.

306 2286 487 2363 temporum
510 2279 738 2364 primariorum
762 2279 832 2342 exit
854 2277 888 2340 in
903 2315 944 2325 -
957 2299 1014 2361 ντι,
1038 2278 1139 2341 tertia
1169 2275 1252 2362 plur.
1274 2275 1377 2361 impe·

277 2468 280 2471 .
306 2384 406 2448 ratini
429 2385 464 2446 in
478 2402 612 2465 -nro3
639 2382 774 2447 articuli
796 2383 899 2447 forma
923 2391 973 2447 est
995 2381 1045 2448 τοί
1067 2381 1129 2448 ταί,
1163 2381 1273 2445 Etiam
1297 2383 1377 2446 titu-

305 2490 356 2553 lus
380 2490 420 2557 D.
437 2489 464 2556 1.
491 2489 589 2570 3632,
606 2510 699 2574 quern
717 2491 810 2553 annis
831 2487 1017 2555 189-167
1036 2489 1258 2571 attribuimus,
1280 2486 1381 2573 plane

305 2594 439 2660 eandem
459 2595 613 2660 Doridem
631 2596 777 2679 exhibet3
802 2595 906 2660 solum
931 2616 970 2659 ea
993 2617 1055 2679 res,
1080 2595 1164 2679 quod
1187 2594 1377 2679 isnbscrip-

305 2710 375 2768 turn
399 2703 573 2788 aliquoties
598 2705 754 2795 omissum
778 2711 829 2768 est
856 2701 1026 2769 confirmat
1055 2703 1140 2766 hunc
1170 2701 1305 2767 titulum
1336 2701 1378 2765 ad

304 2811 443 2875 alterum
467 2810 632 2874 saeculnm
656 2812 830 2895 pertinere.
868 2811 920 2874 Ex
936 2811 1048 2874 formis
1064 2809 1267 2894 vulgaribus,
1293 2830 1377 2892 quae

304 2921 338 2981 in
372 2918 566 3003 quibusdam
604 2917 712 2983 titulis
744 2916 898 2981 Doridem
938 2916 1169 2981 exhibentibus
1203 2922 1377 2980 occurrunt

305 3030 426 3088 certum
460 3025 498 3088 de
534 3030 643 3089 aetate
674 3024 828 3088 indicium
859 3024 936 3087 ferri
971 3046 1034 3088 non
1067 3029 1194 3107 potest3
1227 3021 1378 3086 videmus

305 3152 332 3194 a.
356 3153 387 3215 g.
412 3132 446 3192 in
471 3131 568 3195 titulo
592 3131 627 3195 P.
642 3131 683 3193 H.
711 3130 762 3211 10,
784 3152 880 3215 quem
905 3153 990 3195 anno
1014 3131 1143 3195 circiter
1170 3129 1377 3194 10001101.

305 3257 375 3299 mus
400 3254 565 3300 occurrere
589 3236 641 3300 bis
663 3237 799 3301 formam
824 3237 956 3301 articuli
972 3237 1142 3321 vulgarem
1166 3235 1194 3301 οἱ
1220 3235 1376 3302 101142

305 3348 338 3406 et
361 3342 390 3408 d.
417 3343 470 3423 64,
503 3362 576 3406 curu
607 3340 725 3407 titulus
755 3345 914 3408 recentior
944 3342 1029 3408 D.I.
1056 3343 1143 3407 3632
1177 3341 1282 3405 solum
1314 3341 1376 3404 for-

304 3469 387 3512 mam
422 3449 575 3512 Doricam
611 3447 659 3514 τοί
693 3449 856 3514 exhibeat.
903 3447 1104 3523 Quibusdam
1136 3451 1170 3511 in
1204 3447 1311 3514 titulis
1336 3470 1377 3512 ex

304 3557 543 3623 assimilatione
574 3558 706 3622 litterae
733 3583 748 3622 ν
780 3561 815 3622 111
851 3559 987 3624 articulo
1022 3565 1055 3623 et
1079 3556 1248 3622 vocabulis
1279 3555 1309 3620 dn
1343 3561 1378 3620 et

304 3665 358 3748 μέν
393 3672 468 3728 ante
504 3684 663 3728 consonas
698 3664 881 3749 gutturales
913 3669 947 3728 et
981 3663 1118 3728 labiales
1147 3661 1302 3726 indicium
1336 3660 1375 3724 de

304 3776 411 3834 aetate
441 3770 613 3836 titulorum
641 3771 727 3834 ferri·
751 3781 869 3854 potest.
918 3774 1076 3854 Persaepe
1105 3778 1214 3834 antem
1246 3776 1377 3854 tempus

303 3875 472 3940 titulorum
497 3876 601 3941 solnm
626 3897 666 3940 ex
689 3876 878 3941 litteratura
902 3875 1029 3940 definiri
1053 3882 1172 3960 potest.

391 3981 462 4044 Iam
491 3984 594 4065 primo
614 3981 684 4046 loco
701 4003 755 4046 eos
779 3982 895 4046 titulos
913 3979 995 4046 Coos
1015 3982 1106 4045 tertii
1123 3980 1246 4045 saeculi
1266 3979 1376 4060 affero,

302 4089 359 4171 qni
382 4086 423 4150 ad
451 4085 626 4165 dialectum
659 4088 898 4174 explanandam
929 4089 1067 4152 alicuius
1098 4088 1256 4152 momenti
1287 4096 1375 4152 sunt.
1403 4084 1405 4087 ’

301 4194 1377 4281 010000010110100ομ0
