2858 5018
493 585 528 594 --
565 555 617 608 113
656 586 681 592 —

58 735 206 800 occurrit.
254 733 335 796 Rem
370 755 435 797 non
464 732 559 797 aliter
583 733 615 794 in
645 731 752 796 titulis
776 731 912 796 Rhodiis
941 754 975 796 se
1005 732 1124 797 habere

56 863 96 906 ex
131 842 330 906 testimoniis
364 840 577 924 intellegitur.
636 841 676 903 In
706 840 804 905 titulo
826 840 854 905 I.
881 840 921 905 Gr.
946 840 1014 906 Ins.
1048 842 1125 923 762,

58 971 153 1033 quem
177 949 272 1012 initio
296 949 386 1012 tertii
411 967 440 1014 a.
465 946 539 1013 Chr.
564 971 594 1014 n.
621 947 742 1012 saeculi
771 947 888 1012 tribuit
911 947 1017 1011 Hiller
1044 947 1124 1032 legi-

58 1078 130 1119 mus
162 1078 192 1119 v.
228 1055 268 1118 15
302 1053 565 1142 [ποτ]αιρ,είσὶνων,
601 1078 632 1120 v.
670 1054 712 1118 23
745 1053 917 1135 uouiobuu,
951 1062 986 1119 at
1020 1078 1049 1120 v.
1082 1056 1126 1119 20
1227 1051 1229 1056 ⁸

58 1158 236 1241 στελλόντω,
272 1164 306 1224 in
341 1161 440 1225 titulo
476 1161 611 1224 alterius
648 1161 768 1225 saeculi
803 1162 831 1227 I.
867 1160 908 1226 G.
944 1161 1011 1225 Ius.
1051 1162 1125 1245 155,

58 1261 223 1334 ποιείσῖνων
261 1287 291 1332 v.
334 1269 388 1349 29,
409 1264 612 1334 vo'utobo'obou
650 1291 682 1332 v.
721 1268 775 1349 58,
813 1266 966 1335 ποείσὶνων
1001 1291 1032 1334 v.
1073 1269 1126 1350 70,

56 1375 292 1460 καταχρείσῗνων
309 1399 341 1439 v.
362 1375 415 1459 86,
439 1373 600 1461 πριόσὶνων
623 1398 655 1439 ν.
671 1374 725 1459 56,
749 1381 784 1440 at
805 1373 1005 1459 λαμβανόντω
1022 1398 1056 1439 ν.·
1071 1375 1125 1459 53,
1256 1433 1257 1436 ,

58 1479 270 1567 στεφανούντω
294 1505 325 1550 v.
351 1482 404 1546 89.

148 1605 239 1669 Haeo
263 1627 313 1670 res
337 1607 418 1670 bene
443 1606 599 1692 explicari
627 1612 750 1690 potest3
783 1627 856 1670 eum
890 1609 924 1670 in
956 1605 1062 1672 medio
1095 1613 1128 1672 et

57 1714 130 1796 ipsa
163 1713 351 1777 terminatio
384 1713 415 1778 3.
446 1733 495 1796 ps.
520 1710 581 1797 sgl.
606 1713 710 1776 exiret
737 1713 886 1790 in-ubo,
916 1714 951 1775 in
982 1713 1012 1778 3.
1044 1735 1127 1798 pers.

57 1818 142 1902 plur.
181 1820 370 1900 terminatio
406 1817 677 1903 vulgaris-obus
712 1818 752 1882 ad
787 1819 869 1905 plur.
907 1804 973 1884 vim
1012 1819 1128 1883 melius

58 1925 293 2011 designandam
310 1927 418 2011 priore
441 1932 586 2010 tempore
602 1931 734 2012 recepte
749 1931 809 2007 est,
826 1948 923 2010 quam
939 1928 1128 1991 terminatio

59 2031 206 2116 vulgaris
231 2055 331 2096 -ντων
354 2033 389 2094 in
412 2033 532 2095 activo.

89 2190 91 2194 ’
151 2192 186 2271 8)
212 2191 263 2255 De
286 2191 451 2256 infinitivo
475 2213 578 2276 praes.
605 2199 638 2256 et
661 2194 772 2257 aorist.
797 2195 907 2258 activi.

54 2372 58 2377 ,
147 2294 178 2383 ἐν.
211 2315 321 2380 Verba
356 2318 466 2402 ἱη-μι
498 2317 654 2381 exhibent
688 2319 1057 2403 terminationem-uem
1090 2318 1129 2382 ef.

60 2422 260 2507 Brugmann,
285 2422 414 2490 Grieoh.
441 2423 602 2488 Gramm²
624 2447 655 2508 p.
683 2425 755 2492 175.

459 2591 489 2631 α.
514 2566 603 2632 infin.
629 2589 733 2652 praes.

152 2688 270 2774 διδόμεν
295 2691 330 2754 Ρ.
357 2692 397 2757 H.
424 2692 476 2758 34.
501 2694 560 2774 27,
578 2682 656 2786 ἦμεν
678 2693 714 2755 Ρ.
732 2693 773 2759 H.
801 2695 827 2757 1.
850 2694 870 2756 8
895 2699 928 2757 et
951 2694 1132 2778 duodecies,

62 2795 171 2881 ἐξῆμεν
196 2798 234 2861 P.
258 2799 301 2862 H.
329 2798 370 2863 10
394 2821 422 2864 a.
448 2801 490 2863 36
515 2812 548 2863 et
571 2799 681 2880 semel,
704 2797 888 2884 bnoeibe'ueu
913 2801 948 2862 Ρ.
965 2802 1007 2864 Η.
1033 2803 1074 2867 36
1098 2803 1130 2869 b.

64 2904 101 2984 93
133 2903 254 2966 formae
285 2905 437 2989 vulgares
472 2913 642 2971 occurrunt
674 2903 787 2972 διδόναι
818 2911 850 2973 P.
875 2908 916 2972 H.
950 2908 992 2972 36
1017 2907 1046 2971 d.
1077 2911 1131 2990 44,

62 3002 140 3074 εἶναι
165 3011 199 3073 Ρ.
225 3010 266 3072 Η.
292 3011 344 3075 36.
370 3034 395 3077 e.
421 3013 441 3075 5
466 3021 500 3076 et
522 3022 581 3076 ter.

452 3160 480 3235 β.
504 3154 593 3220 infin.
618 3156 742 3220 aoristi.

152 3279 242 3362 δόμεν
266 3278 302 3340 P.
327 3279 367 3344 H.
387 3281 414 3345 5.
440 3279 482 3346 23
507 3286 540 3343 et
564 3279 673 3359 semel,
698 3276 850 3364 ἀποδόμεν
874 3281 909 3346 P.
927 3281 968 3346 H.
986 3282 1062 3348 386.
1080 3285 1133 3364 11,

63 3385 159 3467 beben
183 3385 218 3450 P.
243 3384 285 3450 H.
313 3386 365 3452 14.
393 3385 433 3448 13
457 3394 491 3450 et
521 3385 632 3467 semel,
665 3383 822 3472 ἀναὶνέμεν
852 3389 887 3454 P.
913 3389 953 3456 Η.
979 3389 1054 3454 384.
1082 3392 1132 3456 18.

154 3508 185 3573 b.
211 3508 321 3573 Verba
350 3511 447 3575 in-o
480 3510 637 3575 exhibent
666 3512 840 3597 aliquoties
870 3515 1133 3579 terminationem

1 3695 6 3700 .
63 3638 131 3694 -εν,
156 3636 252 3699 quam
269 3616 457 3698 Brugmann
481 3617 502 3679 1.
520 3639 546 3682 o.
563 3618 682 3682 factam
707 3639 777 3683 esse
800 3626 896 3704 putat
918 3640 957 3682 ex
982 3621 1135 3707 analogia

62 3719 221 3784 infinitivi
244 3722 278 3784 in
293 3761 304 3769 -
318 3745 381 3805 μεν.

154 3824 292 3913 ἀγορεύω
315 3829 352 3895 P.
377 3830 418 3892 Η.
447 3831 496 3895 13.
524 3831 573 3910 14,
598 3826 718 3913 ἀπάγεν
742 3831 779 3898 Ρ.
805 3835 844 3897 u.
869 3833 913 3895 40
941 3855 970 3896 a.
995 3833 1026 3915 ν,
1043 3814 1131 3901 'sou

63 3933 100 3999 P.
119 3920 161 3999 H.
186 3934 239 4000 34.
262 3935 304 3998 41
330 3940 363 3998 et
386 3934 448 4019 bis,
473 3937 558 4022 φέρεν
582 3936 678 4002 PH.
704 3937 748 4000 40
771 3958 800 4000 a.
827 3939 856 4021 7,
885 3936 1135 4028 ἀ[ναγ]ρ[άφ]ενῖ

64 4040 102 4103 Ρ.
128 4039 169 4108 H.
195 4040 269 4104 367.
298 4042 371 4108 103.

155 4147 278 4210 Tamen
301 4149 336 4210 in
364 4148 472 4213 titulis
497 4149 649 4214 Doridem
686 4172 929 4237 sermonemque
965 4154 1133 4242 vulgarem

63 4253 294 4319 exhibentibus
318 4255 440 4320 formae
463 4257 496 4318 in
521 4280 587 4321 -ειν
612 4279 675 4321 non
699 4278 771 4322 raro
795 4258 958 4344 leguntur.

1011 4369 1028 4421 8
