2910 5018
708 1312 884 1414 Caput
910 1314 987 1388 II.

629 1492 709 1568 De
747 1495 1060 1570 consonis

791 1727 898 1736 --—...

794 1926 813 2003 ς
841 1923 892 1988 10.

698 2071 753 2142 De
781 2072 987 2142 dentalibus,

402 2223 434 2309 1)
458 2223 497 2287 In
521 2224 707 2288 nominibus
730 2226 889 2288 mensium
906 2223 1079 2310 Βατρόμιος
1103 2230 1136 2288 et
1159 2224 1381 2307 Πεταγείτνυος

312 2333 329 2394 ὃ
353 2337 387 2396 et
408 2354 428 2394 τ
452 2335 623 2394 occurrunt
645 2332 680 2394 in
703 2330 811 2395 titulis
829 2329 915 2396 (icis.
960 2331 1131 2416 Βατρόμιος
1155 2332 1190 2396 Ρ.
1214 2331 1256 2398 Η.
1280 2331 1334 2393 27.
1358 2335 1376 2394 ·l

312 2443 345 2502 et
362 2442 429 2521 ter,
452 2435 649 2524 Babpclploi]
674 2436 711 2500 Ρ.
735 2437 778 2500 Η.
803 2438 855 2503 29.
883 2438 946 2520 18.,
969 2437 1193 2521 Πεταγειτνύου
1216 2437 1251 2499 P.
1270 2436 1311 2500 H.
1337 2436 1378 2502 36

311 2543 343 2606 b.
367 2543 410 2608 22
435 2549 468 2606 et
491 2544 601 2628 semel,
624 2543 871 2632 Hebnpsrulvs'cu]
896 2545 933 2608 P.
957 2545 998 2610 H.
1024 2545 1076 2610 38.
1102 2545 1132 2611 3.
1181 2543 1259 2607 Alia
1282 2543 1379 2607 huius

312 2653 358 2716 rei
388 2653 537 2737 exempla
567 2653 662 2718 affert
689 2652 731 2718 G.
755 2654 870 2737 Meyer
894 2653 951 2719 Gr.
977 2652 1139 2718 Gramma
1168 2677 1198 2738 p
1224 2653 1299 2734 202,
1324 2653 1380 2736 qui

311 2765 421 2823 tamen
445 2759 693 2844 explicationem
719 2782 783 2822 non
807 2760 938 2844 profert.
982 2759 1075 2835 Quod
1099 2762 1220 2824 attinet
1243 2758 1283 2822 ad
1306 2762 1323 2824 ὃ
1346 2763 1380 2822 et

311 2889 331 2930 τ
353 2866 387 2928 in
411 2866 569 2930 vocabulo
594 2865 815 2950 Πεδαγείτνυος
838 2889 889 2930 res
912 2869 960 2930 ita
984 2866 1148 2932 sehabet.
1181 2864 1269 2946 πεδά,
1294 2865 1378 2950 quod

311 2973 453 3056 pertinet
476 2973 514 3035 ad
539 2971 613 3048 πούς
641 2979 739 3058 atque
770 2994 864 3036 casus
895 2973 1153 3038 instrumentalis
1186 2973 1378 3037 obliteratus

311 3077 407 3141 huius
431 3078 582 3142 vocabuli
606 3101 676 3144 esse
701 3080 839 3161 videtur,
865 3082 1003 3144 occurrit
1025 3082 1060 3142 in
1084 3079 1221 3144 dialecto
1244 3078 1378 3159 lesbios,

274 3243 279 3254 ,
311 3185 451 3268 boeotia,
476 3187 614 3250 cretensi
644 3192 677 3249 et
708 3188 822 3270 argiva
855 3194 952 3270 atque
984 3187 1118 3250 eandam
1152 3187 1317 3250 notionem
1342 3207 1379 3250 ac

311 3293 508 3376 praepositio
533 3289 614 3376 pecul
636 3292 745 3358 habet.
771 3294 810 3358 cl.
834 3292 974 3374 Ahrens,
998 3292 1037 3357 de
1061 3293 1175 3358 Graec.
1200 3293 1278 3376 ling.
1300 3291 1378 3355 dial.

312 3398 339 3461 Ι.
357 3421 387 3482 p.
408 3397 470 3464 152
486 3419 552 3482 seq.
589 3398 680 3474 Quae
703 3421 776 3463 cum
799 3400 860 3464 duo
878 3399 1037 3464 vocabula
1053 3399 1188 3463 eandem
1211 3401 1377 3463 notionem

225 3514 227 3517 ’
311 3503 478 3586 baberent,
503 3507 600 3569 etiam
626 3507 746 3571 formae
770 3527 878 3570 eorum
903 3529 939 3570 eo
964 3505 1056 3571 modo
1081 3506 1242 3570 assimiles
1272 3506 1379 3570 factae

311 3618 398 3694 sunt,
427 3618 463 3675 ut
487 3635 507 3675 τ
530 3612 681 3676 vocabuli
709 3612 790 3697 μετά
820 3613 963 3677 litteram
992 3618 1008 3678 δ
1037 3613 1187 3677 vocabuli
1217 3610 1296 3678 πεδά
1320 3635 1379 3676 suo

312 3718 382 3781 loco
413 3725 568 3782 moveret.
616 3719 667 3783 De
698 3718 771 3783 aliis
795 3720 1042 3785 assimilationis
1066 3719 1099 3783 id
1122 3741 1224 3803 genus
1249 3716 1378 3803 exemp-

311 3825 352 3888 lis
376 3825 414 3891 cl.
440 3824 640 3908 Bloomfield‚
669 3826 898 3892 Assimilation
934 3825 997 3890 and
1027 3827 1214 3911 adaptation
1239 3828 1379 3891 Amoris.

311 3931 425 3997 Journ.
450 3932 488 3995 cl.
514 3932 631 4000 Philol.
659 3933 709 4000 16.
735 3957 765 4018 p.
790 3934 856 3998 409
881 3955 968 4018 seqq.
1008 3933 1060 3996 Ex
1083 3934 1282 3997 testimoniis
1306 3954 1378 4017 per·

313 4038 424 4102 multis
458 4061 540 4123 quae
575 4040 708 4124 collegit
739 4039 780 4102 ad
811 4039 1034 4104 sustinendam
1068 4041 1265 4103 sententiam
1297 4038 1379 4102 haec

312 4144 424 4208 affero:
458 4143 616 4229 Spiritum
646 4167 795 4230 asperum
819 4149 854 4208 in
878 4146 1071 4210 vocabulum
1099 4137 1194 4232 ἧσται
1216 4146 1379 4208 invasisse

311 4274 351 4316 ex
384 4251 535 4335 analogia
568 4253 679 4339 stirpis
710 4254 741 4318 e‘b
774 4274 812 4316 ex
842 4252 918 4317 *sed
950 4255 983 4317 in
1007 4252 1114 4337 ἕξομαι
1144 4251 1211 4327 ἕδος
1242 4261 1380 4336 apparet
