2858 5018
757 515 926 566 ...80-

402 691 439 770 4)
465 689 666 755 Vocabulum
697 688 791 766 ἵππος
820 691 971 774 primitus
1003 692 1202 774 aspiratione
1237 693 1368 767 caruisse

312 794 426 861 deinde
449 799 484 860 in
507 795 707 882 appellativo
736 795 829 872 ἵππος
856 818 928 861 eam
955 818 1111 882 apparere
1141 799 1298 882 coepisse,
1321 797 1369 861 sed

312 927 376 970 non
400 906 434 967 in
458 907 566 969 omnia
589 906 720 969 nomina
744 905 873 990 propria
902 926 974 970 eum
1003 907 1104 990 stirpe
1129 904 1202 971 [ππο
1221 922 1233 953 ·’
1252 928 1370 990 compo·

313 1011 378 1075 nita
408 1012 568 1074 invasisse
602 1010 694 1074 docet
722 1009 850 1074 Thumb
885 1010 1096 1097 exemplaque
1127 1010 1221 1076 affert
1249 1011 1270 1077 l.
1296 1033 1321 1078 o.
1346 1036 1370 1098 p.

312 1116 366 1182 99.
391 1139 457 1201 seq.
497 1119 536 1181 In
562 1116 669 1183 titulis
685 1115 760 1181 (lois
784 1115 863 1181 haee
885 1123 1017 1182 exstant
1032 1118 1235 1183 testimonia:
1251 1115 1371 1204 'Apisa-

312 1245 402 1299 ιππος
425 1225 460 1291 P.
481 1225 521 1290 H.
550 1224 589 1289 10
613 1224 643 1289 b.
663 1224 699 1287 71
729 1229 762 1288 et
786 1231 910 1308 quater,
929 1219 1168 1309 Ἀριστιππίδας
1188 1224 1225 1290 P.
1244 1223 1285 1287 Η.
1302 1222 1370 1288 404.

312 1354 341 1395 a.
369 1333 397 1412 l,
420 1329 618 1407 Γλαύκιππος
635 1332 677 1396 P.
699 1330 739 1396 H.
765 1332 806 1397 10
829 1351 856 1394 e.
874 1331 916 1395 39
940 1336 973 1394 ot
997 1331 1179 1416 quinquies,
1203 1328 1374 1406 Λεύκιππος

317 1443 347 1505 P.
372 1438 413 1503 H.
438 1438 501 1501 368
527 1436 590 1503 ΙΙΙ.
620 1439 656 1502 17
683 1444 716 1502 et
738 1444 799 1512 ter,
823 1435 1024 1523 Στράτιππος
1048 1437 1083 1503 Ρ.
1101 1437 1141 1504 Η.
1162 1438 1203 1502 10
1226 1460 1253 1503 o.
1278 1439 1322 1504 43
1345 1443 1373 1500 et

312 1566 427 1608 semes.

401 1670 465 1734 At:
486 1667 664 1746 Ἀνίῖιππος
687 1670 722 1736 P.
745 1670 787 1733 H.
813 1670 887 1735 344.
918 1670 954 1733 17
980 1670 1020 1735 of.
1038 1669 1170 1734 Beehtel
1195 1668 1259 1733 und
1285 1669 1391 1751 Fiok,'

313 1775 440 1843 Griech.
467 1770 597 1876 l³isnn.²
621 1801 651 1863 p.
678 1777 750 1842 153.

401 1918 436 2005 ὃ)
460 1920 549 1985 Ante
565 1942 604 1984 ea
620 1920 788 2004 voeabula,
805 1943 940 2004 quorum
956 1919 1059 1984 forma
1074 1921 1229 2005 primaria
1247 1919 1374 2003 inoipie-

314 2025 370 2089 bat
399 2025 441 2089 ab
471 2038 487 2087 f
515 2028 547 2089 in
579 2026 686 2092 titulis
716 2027 842 2111 graeeis
870 2049 933 2090 non
966 2047 1037 2089 raro
1068 2027 1299 2109 aspirationem
1330 2025 1374 2086 in·

313 2133 416 2195 veniri
441 2132 534 2198 docet
557 2133 684 2198 'Phumb
708 2133 729 2199 l.
755 2155 781 2197 e.
805 2156 836 2218 p.
861 2133 903 2199 59
928 2138 962 2196 et
987 2133 1037 2197 70.

400 2257 462 2342 δεχ’
482 2255 572 2346 ἕτηῇ]
599 2259 635 2321 Ρ.
659 2258 700 2323 H.
725 2258 800 2323 343.
826 2259 855 2323 7.

401 2397 436 2484 6)
460 2398 553 2474 Quod
577 2402 697 2463 attinet
721 2398 760 2493 ad
778 2400 1007 2483 aspirationem
1031 2399 1065 2463 in
1089 2397 1257 2463 vocabulis
1278 2395 1374 2471 οὐίῖείς

312 2511 345 2570 et
368 2504 480 2590 μηῖοείς
502 2505 541 2571 of.
566 2510 585 2587 ξ
613 2505 662 2570 10.
687 2507 717 2569 3.

796 2761 815 2838 a
842 2757 892 2820 ιο.

656 2921 765 2993 Vario
793 2924 835 2994 clo
863 2924 1028 2994 consonis.

399 3075 544 3138 Duorum
570 3097 584 3159 ρ
608 3097 672 3137 uno
695 3076 727 3136 in
753 3075 911 3138 vocabulo
936 3074 1134 3138 exstantium
1169 3095 1267 3136 unam
1300 3094 1371 3136 non-

310 3203 485 3265 numquam
511 3179 656 3244 exeidere
681 3180 791 3246 multis
821 3164 1018 3246 testimoniis
1050 3181 1132 3247 satis
1165 3158 1304 3244 oonstat.
1336 3177 1372 3241 oi.

312 3287 352 3354 G.
369 3287 481 3371 Meyer
499 3286 626 3352 Gnieeh.
643 3287 805 3351 Gramm.²
817 3311 847 3372 p.
861 3286 936 3353 292.
954 3286 1027 3352 Huo
1043 3288 1201 3371 pertinet:
1215 3283 1373 3372 Φατρίο[υ]

312 3395 346 3457 P.
372 3395 412 3458 H.
449 3394 521 3457 150.
554 3396 565 3456 1
604 3417 660 3480 pro
692 3394 854 3479 Φρατρίοο.
902 3393 1023 3458 Eodem
1054 3394 1147 3457 modo
1180 3413 1220 3456 ex
1251 3391 1373 3455 duabus

310 3500 447 3585 syllabis
465 3502 556 3595 ¹inter
588 3523 622 3564 se
651 3501 812 3566 similibus
844 3523 908 3565 una
935 3501 1055 3566 exeidit
1086 3502 1131 3650 iq
1153 3492 1316 3584 ἡμέδιμνον
1341 3482 1373 3563 Ρ.

310 3608 350 3674 H.
376 3609 428 3677 39.
458 3610 507 3674 ll.
