2946 5018
576 526 732 578 ..7„.

110 705 287 788 inscriptio
311 702 429 788 lapidis
446 704 587 767 termini.
626 703 722 765 Hunc
745 707 854 765 autem
878 700 1010 765 titulum
1035 722 1099 763 nou
1117 721 1186 766 esse

112 812 221 876 Coum
251 810 307 880 sed
339 809 574 882 Atheniensem
610 809 802 880 eulitteris
837 815 935 892 atque
973 828 1013 870 ex
1046 805 1186 871 dialecto

111 925 262 1004 apparet.
310 917 456 980 Litterae
480 898 550 980 eius
574 913 733 1002 στοιχηδόν
756 916 883 999 positae
907 920 993 993 sunt,
1018 913 1131 984 littera
1155 914 1186 976 H

112 1024 283 1113 significat
313 1031 331 1090 c
361 1024 493 1113 longam
524 1025 558 1086 in
593 1017 944 1106 vocabuliffhaptg,
971 1016 1118 1105 Ἀἱῑηνῶν
1153 1026 1186 1082 et

113 1129 264 1216 μεδεὸσης
279 1131 430 1216 spiritum
448 1151 597 1214 asperum
614 1137 724 1216 autem
747 1129 780 1192 in
799 1122 881 1214 &9043
906 1127 1063 1192 littera‘O
1087 1126 1187 1190 habet

113 1241 185 1302 vim
209 1261 227 1302 o
245 1239 353 1302 brevis
377 1239 411 1300 in
431 1231 506 1322 ὅρος,
532 1260 565 1301 ου
578 1236 756 1300 'adulterini
772 1237 804 1298 in
822 1236 947 1319 τεμένος
972 1241 1005 1298 ct
1029 1232 1186 1319 μεδεόσης.

117 1348 223 1410 Paton
258 1347 398 1429 primum
429 1343 509 1408 dicit
540 1344 737 1408 Foucartum
770 1344 875 1405 virum
915 1343 1045 1404 doctum
1071 1347 1185 1426 putare

113 1456 203 1518 hunc
226 1451 366 1536 lapidem
391 1452 504 1535 quinto
529 1450 659 1514 saeculo
676 1450 773 1513 Samo
798 1471 837 1511 ex
855 1448 962 1511 insula
986 1449 1019 1509 in
1044 1447 1184 1510 insulam

112 1559 187 1624 Gon
202 1556 460 1642 transportatum
485 1563 670 1641 essentque
691 1578 813 1620 vocare.
829 1577 902 1618 eum
928 1554 971 1618 ad
989 1555 1186 1618 sententiam

113 1687 211 1729 suam
227 1663 424 1749 probandam
443 1663 576 1726 titulum
594 1661 739 1725 Samium
764 1663 839 1725 huic
861 1661 959 1725 titulo
984 1659 1185 1722 simillimum

113 1771 152 1835 G.
178 1772 205 1836 Ι.
231 1772 270 1837 G.
296 1771 393 1845 2246.
443 1769 567 1834 Deinde
591 1769 696 1832 Paton
727 1771 928 1832 mentionem
957 1767 1037 1831 facit
1067 1766 1187 1830 decreti

113 1878 340 1957 Atheniensis,
364 1877 448 1962 quod
473 1882 582 1940 exstat
605 1875 763 1938 ininsula
788 1873 970 1958 Carpatho3
988 1871 1098 1937 edidit
1120 1876 1187 1957 pri-

115 2007 205 2046 mum
223 1984 367 2047 'Foucart
384 1981 466 2045 Bull.
492 1981 530 2045 de
547 2004 625 2047 corr.
644 1981 717 2047 hell.
736 1981 816 2046 XII.
846 1982 928 2044 1888
957 2003 987 2064 p.
1010 1981 1071 2046 153
1096 2001 1184 2063 seqq.

114 2090 414 2172 commentarioque
437 2089 612 2168 instruxit3
637 2086 741 2151 denuo
766 2088 861 2151 editit
877 2087 992 2167 Hiller,
1016 2087 1042 2152 I.
1061 2085 1103 2152 G.
1118 2086 1185 2149 Ins.

114 2196 194 2259 977.
240 2193 312 2277 Quo
336 2217 376 2257 ex
409 2193 535 2258 decreto
566 2192 660 2257 valde
689 2193 840 2259 mutilato
871 2201 1008 2280 apparet
1038 2192 1186 2256 laudatos

113 2323 188 2382 esse
219 2302 259 2365 ab
283 2301 541 2385 Atheniensibus
574 2301 859 2384 Eteoearpathios,
891 2302 969 2384 quia
998 2300 1185 2384 cupressum

114 2409 200 2472 donc
232 2408 395 2473 dedissent
427 2411 462 2470 in
496 2409 653 2492 templum
682 2408 832 2472 Athenae
863 2406 1116 2489 aedificandum3
1148 2407 1185 2470 cf.
1275 2452 1282 2467 .

111 2516 147 2580 J.
173 2514 213 2580 G.
237 2515 305 2581 Ins.
330 2515 405 2594 977,
435 2517 454 2578 9
479 2537 568 2600 seqq.
592 2513 641 2580 ἐπὶ
663 2514 715 2580 τὸν
739 2514 823 2603 aquic
846 2513 904 2599 τῆς
923 2512 1110 2601 'Ahmadan
1129 2511 1187 2598 τῆς

124 2619 267 2706 Amica
307 2620 485 2710 μ[εδεὸσης].
545 2622 636 2697 Quod
670 2623 832 2687 decretum
875 2621 1055 2686 Foucartus
1101 2642 1185 2683 anno

114 2735 190 2815 post
219 2752 363 2815 pugnam
396 2729 482 2813 apud
507 2714 645 2793 Gnidum
670 2751 699 2795 a.
724 2728 789 2795 394
821 2731 1032 2792 commissam
1058 2727 1185 2791 tribuit.

113 2837 257 2912 Quassi
280 2840 366 2901 inter
390 2836 471 2900 duas
494 2838 723 2921 inscriptiones
743 2839 827 2900 ratio
852 2837 1012 2920 quaedam
1037 2836 1184 2916 interest,

114 2945 234 3008 titulus
259 2942 344 3008 Cous
368 2943 472 3007 eidem
504 2946 641 3030 tempori
671 2942 861 3010 tribuendus
890 2941 949 3008 est.
996 2943 1071 3007 Non
1103 2962 1186 3026 nego

114 3053 199 3117 hanc
223 3052 358 3115 Patonis
383 3054 580 3116 sententiam
605 3052 699 3116 valde
723 3053 803 3115 mihi
827 3050 979 3131 arridere,
1010 3073 1083 3115 cum
1108 3053 1185 3114 titu-

114 3159 184 3222 lum
214 3157 314 3222 Coum
348 3181 384 3222 eo
418 3165 564 3243 tempore
593 3181 739 3223 sermone
767 3158 879 3224 Attico
911 3164 1082 3222 exaratum
1116 3179 1186 3220 esse

114 3265 199 3328 bene
223 3265 379 3350 explicari
394 3268 516 3350 possit3
527 3268 606 3330 iam
623 3288 720 3350 supra
736 3265 830 3329 docui
847 3264 930 3330 Coos
953 3273 1028 3350 post
1043 3287 1184 3349 pugnam
1232 3286 1234 3290 ’

114 3371 203 3458 apud
236 3371 373 3436 Cnidum
404 3375 610 3438 commissam
642 3375 756 3437 statim
789 3373 1041 3437 Atheniensium
1077 3378 1185 3457 partes

115 3485 246 3545 secutos
271 3501 354 3544 esse.

206 3585 303 3648 Anno
328 3607 356 3648 a.
382 3583 455 3650 Chr.
481 3609 512 3649 n.
536 3588 600 3650 366
626 3585 748 3650 incolas
772 3585 899 3649 insulae
924 3584 1022 3666 Coae,
1048 3585 1103 3668 qui
1126 3583 1185 3646 hu·

115 3713 237 3776 cusque
261 3715 361 3778 pagos
385 3692 628 3774 habitaverunt,
653 3693 774 3775 urbem,
799 3694 851 3756 cui
874 3713 991 3755 nomen
1017 3689 1080 3754 Cos
1105 3696 1186 3768 erat,

114 3802 150 3861 in
174 3806 267 3882 parte
290 3798 417 3863 insulae
442 3799 481 3862 ad
506 3802 662 3863 orientem
688 3796 1055 3883 spectantecondidisse
1079 3797 1185 3860 solum

115 3927 157 3969 ex
181 3907 377 3969 testimoniis
402 3904 573 3971 Strabonis
598 3927 634 3969 ac
658 3905 794 3970 Diodori
822 3907 958 3984 scimus,
988 3926 1059 3972 curn
1085 3905 1119 3967 in
1144 3906 1186 3967 ti-

115 4009 195 4074 tulis
213 4009 288 4074 Oois
313 4012 408 4075 huius
434 4013 479 4075 rei
504 4013 623 4076 mentio
649 4012 738 4074 nulla
761 4011 836 4092 fiat3
860 4011 899 4079 cf.
919 4011 1037 4075 Strabo
1054 4035 1084 4096 p.
1102 4011 1183 4074 657:

111 4109 157 4182 ‘H
180 4116 212 4180 δὲ
228 4116 288 4182 τῶν
320 4115 429 4183 Koirou
462 4119 546 4194 πόλις
575 4119 712 4183 ἐκαλεῖτο
744 4111 778 4182 τὸ
812 4113 940 4182 παλαιὸν
969 4114 1187 4182 Ἀστυπάλαια

115 4220 171 4287 καὶ
194 4219 300 4310 ᾠκεῖτο
324 4225 353 4288 ἐν
378 4221 459 4312 ἄλλῳ
489 4222 568 4312 τόπῳ
592 4217 704 4308 ὁμοίως
732 4222 781 4288 ἐπὶ
809 4223 971 4307 ῢαλάττῃ·
1002 4222 1110 4288 ἔπειτα.
1136 4217 1187 4287 διὰ
