2946 5018
701 1264 875 1365 Caput
902 1265 947 1340 I.

580 1426 660 1501 De
700 1425 1068 1502 vocalibus,

790 1824 809 1900 e
837 1821 864 1885 1.

606 1969 661 2040 De
679 1970 852 2040 vocalibus
873 1970 1040 2041 breuibus.

783 2139 811 2204 1.
836 2162 867 2202 α.

380 2262 419 2325 cf.
444 2263 584 2346 Ahrens,
609 2261 647 2325 de
674 2263 749 2329 dial.
774 2263 851 2328 Der.
877 2286 906 2348 p.
941 2263 1003 2326 113
1040 2284 1128 2348 seqq.
1162 2263 1286 2349 Agitur
1321 2264 1363 2328 de

291 2369 469 2452 vocabula,
495 2371 528 2432 in
552 2369 671 2453 quibus
695 2367 852 2433 dialectus
870 2369 991 2433 Dorica
1015 2394 1035 2433 α
1058 2356 1191 2433 brevem
1215 2369 1364 2452 exhibet,

292 2476 346 2539 ubi
371 2476 454 2539 aliae
478 2475 610 2560 linguae
634 2474 779 2539 Graecae
802 2475 937 2539 dialecti
961 2500 976 2540 ε
999 2474 1130 2539 brevem
1153 2475 1285 2540 babent.

380 2580 517 2644 Initium
541 2582 690 2665 capiatur
713 2581 755 2644 ab
770 2579 925 2666 ’Ἄρτεμις
947 2581 1077 2644 numine
1102 2581 1191 2646 deae.
1237 2580 1361 2644 Forma

283 2682 443 2773 ’Άρταμις
466 2688 548 2752 ferte
570 2689 605 2750 in
628 2687 736 2752 titulis
761 2685 836 2751 (leis
865 2711 929 2751 nun
960 2689 1115 2770 occurrit3
1144 2687 1282 2772 legimus
1307 2709 1360 2751 so·

290 2795 356 2858 lam
380 2795 516 2858 formam
535 2794 700 2880 vulgarem
718 2789 872 2880 ’Ἄρτεμιν
896 2795 930 2858 Ρ.
944 2794 985 2860 Η.
1004 2794 1068 2857 372
1085 2796 1118 2856 in
1135 2793 1232 2858 titulo
1249 2814 1359 2858 recen-

290 2903 383 2968 tiore.
441 2902 492 2964 Ex
523 2899 601 2965 deae
636 2902 765 2966 nomine
798 2909 906 2965 autem
941 2900 1123 2965 derivatum
1158 2909 1208 2965 est
1239 2921 1359 2964 numen

290 3009 411 3071 mensis
435 3004 641 3093 Ἀρταμίτιος
664 3008 699 3070 Ρ.
722 3008 762 3073 H.
794 3008 846 3073 34.
872 3007 915 3072 30
939 3016 973 3072 et
1000 3007 1075 3073 382.
1100 3007 1131 3070 2.
1180 3006 1358 3091 Vulgarem

290 3114 414 3177 nomini
437 3112 515 3178 deae
539 3114 674 3178 formam
699 3114 798 3177 etiam
823 3114 978 3178 exhibent
1001 3115 1133 3177 nomina
1157 3115 1297 3198 propria,
1321 3115 1359 3176 in

292 3219 409 3302 quibus
433 3221 536 3303 primo
567 3220 637 3285 loco
665 3236 781 3285 numen
813 3221 891 3284 deae
921 3221 1102 3302 invenitur;
1128 3217 1360 3305 Ἀρτεμίδωρος

290 3324 327 3391 P.
340 3325 382 3389 H.
409 3326 450 3388 10
473 3346 501 3390 a.
527 3327 567 3390 61
594 3335 627 3391 et
650 3327 710 3392 bis.

380 3425 488 3517 ἅτερος
511 3431 546 3497 P.
562 3431 602 3499 H.
628 3432 681 3495 37.
706 3433 759 3514 49,
784 3427 892 3517 ἅτερον
916 3432 952 3498 P.
968 3431 1005 3496 H.
1032 3432 1085 3498 38.
1114 3433 1150 3494 11
1182 3438 1215 3495 et
1240 3439 1356 3516 quater

290 3539 324 3601 in
348 3537 459 3603 ecdem
483 3537 592 3622 titulo,
617 3531 767 3627 ἁτ[έρους]
793 3539 829 3605 P.
843 3539 884 3605 H.
903 3540 956 3604 37.
973 3540 1032 3620 493
1056 3537 1094 3601 de
1112 3540 1235 3622 origine
1259 3539 1356 3602 huius
1380 3606 1382 3610 ,

290 3669 311 3710 α
334 3645 373 3710 cf.
398 3643 439 3711 G.
464 3645 588 3729 Meyer,
614 3643 742 3710 Griech.
767 3645 930 3712 Gramm.2
958 3668 988 3730 p.
1019 3646 1070 3710 37.
1103 3666 1169 3728 seq.
1194 3645 1249 3728 qui
1277 3645 1358 3710 dicit

289 3751 434 3817 vocalem
458 3777 479 3817 α
501 3754 535 3815 in
560 3745 668 3838 ἅτερος
691 3752 800 3816 eedem
825 3752 919 3817 modu
943 3753 1038 3815 acin
1063 3744 1179 3826 ἁπλοῦς
1208 3757 1241 3815 et
1270 3745 1357 3830 ἅπαξ
1382 3790 1385 3794 <

290 3881 330 3922 ex
356 3880 404 3946 sna
428 3867 531 3924 ortam
556 3881 627 3924 esse
651 3865 749 3943 atque
777 3883 791 3922 ε
818 3859 939 3922 formae
970 3859 1070 3943 ἕτερος
1093 3857 1199 3921 vocali
1223 3883 1237 3922 e
1261 3879 1356 3922 vcca-

290 3965 359 4030 buli
382 3957 425 4041 εἷς
448 3967 626 4030 assimilem
649 3967 768 4032 factam
793 3988 873 4031 esse.

380 4071 471 4157 ίαρός,
496 4070 572 4157 ἱερός
596 4080 629 4138 et
651 4073 811 4138 vocabula
835 4073 992 4138 derivata.
1040 4072 1128 4136 Haec
1152 4070 1312 4136 vocabula
1336 4095 1358 4136 α

290 4180 423 4245 brevem
447 4179 602 4245 exhibent
625 4201 783 4264 nusquam
808 4180 872 4242 nisi
896 4180 930 4241 in
954 4177 1062 4243 titulis
1086 4181 1120 4243 P.
1141 4177 1181 4242 H.
1207 4176 1355 4257 37-40,

1292 4369 1334 4460 ss
