2946 5018
521 549 563 564 1·—
602 526 708 580 13-

74 701 217 765 haerent
240 707 317 785 sunt
339 701 387 764 hi:
412 701 559 765 Titulum
584 702 619 769 P,
639 702 679 765 H.
705 702 772 767 370
795 701 966 787 aliquanto
990 707 1157 790 antiquio·-

74 829 149 872 rem
172 829 243 872 esse
266 807 365 872 titulo
389 809 425 872 P.
445 809 484 876 H.
511 809 576 875 368
602 811 753 892 Preuner,
778 809 915 875 Hermes
944 812 1000 893 29,
1028 813 1093 878 646
1118 823 1157 877 et

75 914 310 979 Mulleusiefen
340 916 453 980 adnot.
486 915 526 980 ad
559 917 599 981 D.
623 917 649 983 I.
684 916 770 982 3708
805 918 953 1003 probent.
1009 909 1151 1004 Tempus

74 1023 171 1086 tituli
194 1022 230 1085 P.
245 1021 285 1086 H.
310 1022 375 1085 382
400 1043 438 1086 ea
462 1043 502 1086 re.
527 1021 690 1103 definitur,
720 1022 805 1108 quod
836 1025 968 1087 nomina
992 1021 1156 1102 Δύκαιῖλος

75 1127 256 1194 Λευκίππου
276 1130 375 1194 etism
391 1129 425 1192 in
442 1129 539 1193 titulo
557 1129 593 1196 P.
606 1129 648 1196 H.
670 1130 719 1209 10,
737 1135 923 1215 Χαρμιιτιτος
943 1139 977 1196 et
991 1124 1156 1208 Λύκαιὲλος

76 1235 292 1320 Παρμενίσκου
308 1236 407 1299 etiam
424 1236 460 1301 P.
476 1236 515 1301 H.
533 1237 586 1317 44,
599 1233 774 1322 Νικαγόρας
785 1234 944 1324 Θεοδώρου
959 1245 992 1303 et
1008 1237 1156 1314 Φίλιστοςι

76 1343 223 1408 Φιλίστου
246 1345 345 1407 etiam
372 1343 405 1406 P.
419 1342 460 1409 H.
486 1343 549 1410 387
574 1354 764 1426 ooourruut3
790 1343 909 1429 quade
931 1366 1028 1409 eausa
1052 1347 1150 1412 tertio

76 1450 210 1514 saeculo
234 1450 367 1514 exeunti
389 1449 581 1514 tribuendus
605 1457 671 1532 est3
696 1450 734 1517 cf.
748 1437 870 1515 edunt.
888 1449 934 1513 ad·
947 1451 985 1518 D.
1003 1450 1029 1516 Ι.
1047 1450 1146 1518 3718.

78 1557 303 1642 De-tempore
330 1556 421 1621 tituli
448 1557 483 1620 P.
502 1556 544 1620 H.
569 1556 633 1623 387
664 1558 730 1620 iarn
765 1578 864 1641 supra
896 1555 937 1620 ad
961 1557 997 1620 P.
1017 1557 1059 1620 H.
1084 1557 1155 1622 368·

76 1665 182 1728 verba
204 1665 291 1728 foeta
313 1668 401 1728 sunt.
447 1663 594 1728 Titulum
618 1664 652 1728 P.
666 1664 707 1730 H.
724 1665 789 1732 388
813 1662 982 1749 aliquanto
1006 1667 1150 1750 antiqui-

77 1793 169 1836 orem
193 1793 263 1835 esse
286 1771 385 1837 titulo
411 1771 444 1837 P.
459 1771 499 1836 H.
525 1771 590 1834 368
614 1778 750 1856 apparet
777 1792 818 1834 ex
848 1773 979 1834 nornine
1007 1769 1148 1857 quod'in

76 1885 219 1963 utroque
243 1879 399 1959 oeourrit3
435 1877 591 1954 Νοσσύλος
625 1875 846 1962 Πολυμνάστου
861 1912 863 1915 ·
879 1879 954 1944 388.
976 1880 997 1941 4
1020 1879 1156 1942 videtur·

75 2007 151 2050 esse
175 1994 267 2070 pater
289 1982 508 2069 Πολυμνάστου
524 1989 577 2051 τοῦ
602 1987 757 2051 Νοσσύλου
781 1985 845 2051 368
864 1985 928 2050 III.
950 1985 1000 2050 71.
1025 1986 1065 2050 of.
1090 1986 1148 2048 'ad-

76 2100 147 2158 not.
180 2091 220 2156 nd
250 2093 290 2158 D.
307 2092 334 2155 I.
371 2093 470 2158 3709.
516 2093 658 2176 Tempus
690 2091 780 2156 tituli
811 2092 877 2157 404
906 2091 1026 2156 aetb
1054 2114 1093 2156 es
1115 2115 1150 2156 re

75 2198 247 2281 definitur,
277 2199 362 2283 quod
393 2200 526 2263 nornine
549 2192 684 2284 Ἕρμίας
713 2196 768 2263 mi
795 2201 950 2284 Θευδυρος
974 2196 1155 2283 Ἐμμενίδσι,

75 2307 115 2369 Ρ.
131 2305 172 2369 Η.
196 2307 262 2372 404
286 2305 316 2370 b.
343 2307 363 2368 3
387 2327 453 2391 seq.
478 2307 577 2370 etiam
601 2311 774 2371 oeeurrunt
797 2307 831 2368 in
854 2304 953 2370 titulo
982 2305 1147 2386 10657,

75 2409 235 2497 Θευδωρος
257 2411 421 2496 Ταχίπιτου
444 2414 510 2477 404
527 2413 558 2478 b.
578 2413 595 2476 7
613 2415 713 2482 etiarn
738 2411 802 2477 368
826 2411 886 2476 VI.
915 2413 949 2494 13
975 2412 1014 2475 of.
1038 2411 1148 2479 adnot.

74 2519 119 2583 ad
152 2520 191 2585 D.
210 2520 237 2585 Ι.
269 2520 365 2584 3735.
423 2504 616 2605 Catulogum
647 2519 683 2585 P.
702 2520 742 2585 H.
776 2519 841 2586 405
873 2517 976 2582 eidem
1011 2520 1155 2604 tempori

74 2624 287 2690 tribuendum
319 2647 401 2705 esse,
437 2626 489 2688 oui
527 2625 559 2691 P.
588 2624 630 2688 H.
667 2624 743 2707 368,
780 2630 916 2710 apparet
940 2646 980 2688 ex
1018 2626 1148 2688 nomine

69 2728 307 2816 Ἀριστόβουλος
324 2728 562 2819 Ἀριστοβούλου
585 2728 703 2818 ματρὸς
726 2731 759 2798 δὲ
778 2728 988 2815 Ἀναξιπόλης
1011 2732 1150 2799 40613

74 2861 159 2922 seq,
183 2838 265 2923 quod
290 2841 390 2903 etiam
415 2828 553 2904 occurrit
577 2839 613 2905 P.
628 2839 668 2905 H.
687 2839 751 2906 368
776 2840 802 2905 I.
829 2839 889 2921 223
914 2839 953 2904 of.
978 2838 1088 2903 adnot.
1106 2838 1152 2901 ad.

75 2946 119 3012 D.
143 2945 172 3012 I.
196 2946 293 3009 3734.
339 2947 516 3031 Hucusque
540 2945 579 3010 de
603 2946 653 3009 his
677 2947 794 3010 titulis.

168 3051 269 3117 Initio
293 3052 429 3117 alterius
453 3075 482 3119 υ.
508 3051 581 3118 Chr.
606 3076 636 3118 n.
655 3053 776 3118 saeeuli
795 3051 987 3116 tribuendus
1004 3062 1054 3117 est
1069 3051 1150 3117 tim-2

72 3160 130 3223 lus
154 3160 189 3225 P.
204 3159 243 3222 H.
272 3161 346 3244 128,
370 3162 426 3245 qui
449 3172 500 3225 est
515 3162 718 3246 oonsoriptus
739 3163 774 3223 in
790 3161 943 3225 honorem
960 3160 997 3223 Τ.
1014 3159 1154 3234 Quineti.

73 3254 273 3346 Flaminini.
293 3269 349 3351 qui
372 3266 493 3331 bellum
518 3273 630 3333 eontra
647 3267 835 3354 Philippum
854 3265 894 3329 V.
915 3288 1024 3351 regem
1042 3265 1154 3330 Meos·-

72 3375 194 3437 doniae
215 3375 319 3457 gessit
342 3394 479 3459 eumque
503 3374 588 3458 apud
613 3372 878 3458 Cynoscephalas
903 3371 1035 3437 devicit.

168 3478 282 3565 Magni
305 3482 461 3544 momenti
484 3485 536 3544 est
558 3479 677 3545 titulus
701 3479 787 3544 Cous
811 3501 896 3543 auno
925 3479 1005 3543 1891
1033 3480 1066 3540 in
1088 3478 1153 3544 hae

73 3585 187 3649 insula
209 3586 379 3670 inventus3
405 3587 540 3652 exhibet
561 3587 666 3671 legem
692 3607 827 3650 suoram.
867 3586 1048 3650 Ediderunt
1072 3607 1144 3650 eum

73 3692 265 3758 Kontoleon
289 3693 369 3759 Ath.
394 3694 489 3760 Mith.
509 3695 559 3758 16.
577 3716 651 3780 psg.
667 3695 732 3758 409
758 3715 847 3778 seqq.
865 3703 898 3758 et
914 3694 972 3760 Th.
991 3693 1153 3772 Reinsoh,v

73 3801 193 3865 Revue
216 3799 271 3864 des
296 3800 408 3866 studes
431 3820 587 3887 greoques
611 3801 642 3866 4.
667 3821 740 3885 pag.
766 3801 831 3864 369
856 3821 943 3884 seqq.
969 3799 1147 3884 exemplari

72 3904 220 3970 nondum
244 3916 360 3991 eotypo
384 3906 554 3972 chartaceo
578 3908 653 3973 nisi.
691 3906 861 3970 Praeterit
881 3928 955 3969 eum
972 3907 1152 3970 accuratis·

73 4015 159 4078 sime
174 4013 341 4078 Johannes
357 4013 486 4099 Topffer
502 4015 581 4080 Ath.
600 4014 695 4078 Mith.
712 4013 733 4080 1.
752 4035 796 4096 ο,
821 4013 905 4076 idem
923 4013 1017 4076 homo
1034 4011 1153 4077 doetus

72 4120 115 4185 de
138 4119 332 4205 quibusdam
355 4121 436 4184 loeis
460 4122 620 4205 corruptis
646 4120 741 4183 huius
762 4119 853 4184 tituli
877 4121 1031 4184 disseruit
1049 4127 1153 4203 atque

71 4251 161 4293 novo
186 4226 362 4313 exemplari
386 4229 478 4292 nisus
503 4227 659 4312 quosdam
683 4227 770 4293 locos
795 4223 984 4291 emendavit
1007 4225 1092 4292 Bull.
1107 4225 1152 4290 de
