2946 5018
750 512 923 563 -30-

307 689 430 752 exitum
455 688 564 772 quarti
586 709 615 753 a.
636 685 695 753 Oh.
712 710 743 754 n.
769 686 890 751 saeculi
915 688 1088 771 pertinent.
1124 685 1163 749 In
1188 684 1239 748 his
1263 683 1377 748 titulis

305 795 427 858 formae
451 792 569 879 [up-et
593 793 752 879 [ep-hanc
774 794 860 858 inter
883 815 918 858 se
944 795 1101 858 rationem
1119 791 1255 872 habent3
1280 793 1316 853 in
1335 791 1397 879 P?

304 900 373 966 tulo
397 901 433 964 P.
448 901 489 964 H.
515 902 568 968 37.
594 925 615 966 α
643 903 676 963 in
713 901 815 984 stirpe
839 899 988 964 vocabuli
1019 895 1112 983 ἱερεύς
1145 898 1285 962 occurrit
1314 902 1377 980 ter,

305 1032 319 1071 ε
342 1009 467 1091 novies,
490 1009 524 1071 in
549 1006 709 1073 vocabulo
735 1005 879 1091 [εροποιός
902 1031 923 1072 α
948 1015 1007 1087 ter,
1032 1012 1191 1091 equatcr3
1214 1007 1248 1068 in
1273 1003 1378 1069 titulo

304 1113 340 1181 P.
355 1114 394 1180 H.
422 1114 462 1180 38
487 1115 586 1198 stirps
611 1114 659 1199 ἱαρ
670 1152 683 1183 .-
696 1116 834 1179 occurrit
853 1123 967 1199 quater
984 1112 1025 1198 [ερ
1038 1151 1050 1162 -
1064 1133 1249 1196 numquam.
1276 1110 1378 1174 Vide-

304 1242 376 1285 mus
400 1222 502 1304 igitur
526 1243 565 1285 ex
588 1221 688 1285 titulo
711 1221 748 1288 P.
761 1221 802 1285 H.
823 1221 876 1304 37,
896 1224 952 1305 qui
975 1221 1109 1284 maximi
1133 1227 1183 1285 cst
1205 1221 1379 1299 momenti,

304 1350 375 1393 cum
407 1330 452 1392 sit
482 1328 578 1414 longe
610 1328 832 1414 amplissimus
860 1328 974 1392 horum
1006 1333 1160 1413 quattuor
1189 1325 1378 1410 titulorum,

305 1435 437 1520 stirpem
461 1433 697 1520 torp-nusquam
723 1437 788 1499 nisi
812 1437 845 1498 in
864 1433 1033 1498 vocabulis
1059 1432 1157 1518 [αρεύς
1173 1440 1205 1498 et
1221 1429 1381 1517 [αροποιὸς

304 1541 456 1625 inveniri,
480 1540 534 1606 sed
567 1543 666 1605 etiam
701 1541 751 1605 his
783 1543 815 1604 in
847 1540 1017 1605 vocabulis
1049 1542 1182 1626 stirpem
1215 1542 1379 1604 sermonis

305 1644 450 1730 vulgaris
487 1645 839 1731 lep-praeponderare.
900 1647 939 1709 In
973 1645 1071 1711 titulo
1095 1646 1130 1714 P.
1150 1646 1190 1709 H.
1215 1645 1257 1709 38
1291 1645 1378 1709 forte

305 1753 405 1837 stirps
431 1751 573 1836 lep-non
599 1755 747 1818 occurrit.
795 1752 921 1828 Quibus
947 1775 986 1816 cx
1011 1752 1107 1817 rebus
1131 1751 1242 1838 colligi
1265 1758 1380 1837 potest

305 1860 440 1942 stirpem
465 1857 628 1944 turp-anno
653 1861 781 1925 circiter
804 1881 833 1923 a.
860 1858 934 1926 Chr.
966 1884 996 1926 n.
1022 1860 1249 1924 trecentesimo
1272 1861 1308 1922 in
1334 1861 1378 1923 ti-

305 1965 384 2029 tulis
409 1963 484 2029 Oois
508 1987 663 2050 apparere
687 1965 826 2031 devisse.

394 2071 488 2147 Quod
511 2072 551 2136 ad
575 2094 705 2138 causam
729 2074 920 2138 mutationis
940 2072 1064 2136 vocalis
1088 2095 1109 2136 α
1124 2073 1157 2135 in
1183 2095 1197 2135 ε
1220 2073 1378 2158 pertinet,

306 2178 444 2260 Osthoff,
472 2179 599 2263 Morph.
629 2180 758 2245 Unters.
792 2182 823 2245 4.
854 2203 885 2264 p.
921 2183 980 2245 151
1021 2181 1216 2244 sententiam
1252 2180 1380 2262 profert

306 2285 501 2369 adjectivum
527 2284 609 2370 ῐαρός
625 2285 808 2370 analogiam
826 2286 1060 2371 adjectivorum
1085 2287 1214 2370 ίη-ερος
1234 2285 1379 2370 exempli

304 2394 411 2477 gratio
448 2392 574 2478 φοβερός
604 2402 750 2458 secutum
785 2415 865 2458 esse.
918 2392 971 2456 Ad
1005 2393 1099 2473 hanc,
1133 2414 1230 2476 quam
1261 2394 1378 2485 probo,

306 2501 502 2563 sententiam
527 2501 606 2563 haec
629 2500 790 2565 afferenda
807 2501 929 2565 habeo:
954 2503 989 2562 in
1013 2499 1112 2564 titulo
1137 2500 1173 2564 P.
1187 2499 1227 2565 H.
1253 2499 1306 2564 37.
1331 2500 1376 2562 51

235 2661 238 2665 ,
305 2606 443 2690 legimus
468 2607 568 2671 verba
593 2605 658 2692 depol
683 2602 781 2692 ἱαρεὺς
803 2609 929 2693 παρέχει
952 2615 985 2672 et
1001 2607 1036 2670 P.
1050 2608 1091 2670 H.
1111 2607 1163 2673 38.
1188 2609 1219 2689 d,
1245 2608 1316 2671 let
1334 2608 1377 2674 16

305 2711 375 2781 tter
399 2708 497 2799 ίαρεὺς
518 2712 572 2778 καὶ
603 2708 668 2799 ἱερὰ
696 2717 821 2800 παρέχει
851 2721 950 2805 atquc
980 2737 1019 2779 ex
1049 2713 1182 2797 reliquis
1214 2713 1376 2799 exemplis

306 2829 441 2905 apparet
464 2819 662 2905 adjectivum
688 2820 764 2907 ἱερός
786 2844 962 2906 numquam
986 2823 1019 2884 in
1044 2821 1151 2885 titulis
1176 2818 1250 2884 Cois
1274 2843 1296 2883 α
1319 2840 1376 2882 ex-

306 2927 443 3015 hibere.
474 2928 628 2992 Fortasse
651 2928 711 2991 hac
736 2950 775 2991 ex
799 2950 843 3009 re,
868 2927 953 3012 quod
977 2930 1011 2990 in
1041 2927 1148 2990 titulis
1173 2923 1248 2990 Cois
1273 2928 1375 3010 stirps

307 3032 509 3117 [up-semper
533 3041 608 3098 ante
633 3058 647 3098 0
673 3040 706 3097 et
729 3058 753 3114 e,
777 3056 954 3116 numquam
979 3041 1054 3097 ante
1078 3057 1100 3097 α
1123 3035 1272 3113 occurrit,
1298 3055 1375 3097 con·

306 3138 392 3203 cludi
415 3144 524 3222 potest
546 3143 762 3204 mutationem
795 3141 924 3205 litterae
949 3164 969 3204 α
992 3141 1027 3203 in
1051 3156 1076 3204 ε’
1097 3145 1200 3204 ortam
1230 3160 1302 3203 esse
1332 3140 1375 3204 iis

305 3247 340 3306 in
363 3245 485 3326 formis,
519 3246 575 3309 ubi
599 3271 620 3310 α
652 3247 774 3310 vocalis
806 3248 940 3330 stirpem
973 3245 1170 3331 lup-secute
1201 3248 1245 3309 sit
1276 3251 1376 3330 etque

306 3351 445 3434 primurn
468 3351 603 3414 formam
628 3351 719 3437 ÷*icrpoi
743 3361 801 3418 etc.
827 3356 861 3416 in
886 3353 961 3438 ἱερά,
978 3353 1092 3418 deinde
1116 3354 1213 3418 etiam
1231 3352 1375 3436 reliquas

307 3456 459 3541 adjectivi
495 3458 613 3521 formas
646 3465 861 3523 commutatas
892 3482 972 3523 esse.
1019 3461 1104 3524 Utut
1134 3458 1167 3521 id
1198 3481 1232 3522 se
1264 3459 1374 3542 habet,
1466 3484 1467 3487 ¹

306 3585 346 3625 ex
363 3585 401 3625 ea
418 3585 462 3645 re,
481 3563 566 3647 quod
581 3566 616 3626 in
632 3564 740 3628 titulis
755 3564 829 3629 Cois
847 3565 935 3629 solae
950 3566 1072 3630 formae
1090 3565 1198 3650 ίαρεύς,
1215 3564 1376 3650 [operula

307 3668 471 3753 [upeocdvor
502 3672 715 3735 inveniuntur
745 3672 883 3735 fortasse
917 3673 1026 3758 colligi
1055 3679 1164 3756 potest
1195 3662 1373 3735 commuta-

306 3778 426 3840 tionem
451 3783 555 3841 ortam
580 3799 650 3841 esse
672 3780 707 3840 in
731 3776 891 3862 adjectivo
917 3777 1007 3864 ῐαρός.

395 3883 444 3946 De
468 3885 571 3949 forma
594 3887 737 3971 genuina
762 3888 851 3949 vocis
876 3884 959 3971 ίαρός
981 3887 1019 3950 cf.
1044 3885 1083 3950 G.
1102 3886 1226 3968 Meyer,
1244 3883 1376 3951 Griech.

307 3987 468 4055 Gramm.‘²
483 4012 514 4074 p.
542 3990 614 4058 109.
641 4013 707 4075 seq.
735 3997 768 4055 et
792 3992 991 4077 Brugmann,
1017 3990 1194 4055 Grundriss
1217 3989 1248 4055 d.
1270 3989 1374 4075 vergl.

306 4093 449 4160 Graium.
474 4096 501 4164 Ι.
526 4121 556 4183 p.
581 4098 656 4164 231.
696 4099 887 4162 Primariam
906 4098 1050 4162 Graecae
1078 4099 1213 4183 linguae
1237 4097 1374 4160 formam

307 4202 406 4264 fuisse
437 4201 559 4287 *leopos
588 4210 685 4288 atque
714 4228 731 4271 σ
759 4207 844 4269 inter
873 4205 952 4268 duas
976 4205 1106 4268 vocales
1139 4204 1295 4268 excidisse
1320 4225 1375 4288 ap-
