2946 5018
733 574 910 626 „40-

378 730 481 806 Quem
506 734 535 796 si
558 731 691 818 longum
715 733 902 817 catalogum
927 732 1156 797 vocabulorum
1176 730 1363 816 perlustra·

289 859 370 921 mus,
384 841 419 902 in
436 839 553 923 quibus
570 839 727 905 dialectos
740 839 860 904 Dorica
872 839 1035 922 alongam
1050 838 1193 920 exhibet,
1208 838 1362 901 videmus

289 946 358 1008 iuro
386 944 583 1010 Ahrcnsium
618 945 656 1010 de
684 945 761 1012 dial.
793 946 870 1012 Dor.
901 968 931 1031 p.
959 946 1020 1009 126
1049 944 1171 1008 dixisse
1201 943 1297 1007 nulla
1329 965 1364 1007 re

289 1050 462 1116 dialectum
480 1052 631 1118 Doricam
657 1055 801 1140 apertius
818 1054 858 1117 ab
874 1054 894 1118 J
897 1054 990 1116 cnica
1005 1058 1039 1116 et
1055 1052 1169 1116 Attica
1184 1049 1362 1134 distingui,

289 1180 386 1242 quam
410 1159 572 1244 frequenti
595 1159 685 1245 longi
714 1184 735 1225 α
760 1183 817 1245 pro
846 1183 866 1245 η
895 1181 965 1223 usu.
1011 1159 1051 1222 In
1082 1157 1188 1223 titulis
1216 1156 1364 1241 publicis

290 1263 365 1329 (lois
389 1267 464 1330 aevi
487 1268 728 1351 imperatorum,
753 1269 808 1351 qui
832 1267 985 1331 Doridem
1009 1289 1073 1330 non
1093 1263 1276 1329 naturalem
1305 1261 1365 1327 sed

289 1379 359 1437 arte
385 1375 566 1456 quaesitam
591 1373 746 1437 exhibent
774 1372 922 1436 videmus
947 1360 974 1437 oi
1001 1373 1160 1436 mansisse
1188 1371 1292 1434 otiam
1324 1391 1364 1434 eo

287 1487 444 1563 tompore,
469 1502 541 1545 cum
566 1479 661 1565 plano
686 1482 793 1543 omnia
818 1479 884 1543 alia
907 1479 1038 1544 Doridis
1061 1479 1205 1562 insignia
1229 1475 1271 1539 ad
1297 1498 1364 1540 ser·

289 1607 416 1649 monem
440 1586 609 1670 vulgarem
634 1586 794 1650 assimilia
817 1586 904 1651 facta
928 1587 1003 1651 sint.
1051 1585 1173 1649 Tamen
1197 1584 1302 1646 etiam
1327 1585 1365 1645 in

283 1691 399 1755 ‚titulis
416 1690 491 1758 Cois
514 1693 636 1756 formae
659 1692 823 1777 vulgaros,
848 1714 930 1777 quae
953 1714 1048 1777 npro
1063 1678 1270 1770 Perhibent,
1295 1712 1364 1753 non

288 1818 360 1862 raro
395 1807 576 1883 occurrunt,
608 1822 681 1864 cum
712 1807 802 1864 totae
832 1800 1061 1883 inscriptiones
1091 1797 1205 1881 lingua
1230 1795 1365 1880 vulgari

288 1905 487 1988 compositae
511 1906 579 1967 sint
602 1909 636 1968 et
658 1906 691 1967 in
722 1905 830 1968 titulis
856 1904 983 1968 Doricis
1012 1904 1172 1969 vocabula
1199 1903 1364 1966 sermonis

293 2009 438 2095 vulgaris
461 2013 681 2075 inveniantur.
721 2011 770 2076 Ad
793 2013 950 2076 rationem
976 2013 1062 2075 inter
1084 2011 1203 2074 formas
1221 2009 1365 2074 Doricos

287 2122 321 2180 et
344 2116 628 2204 formosvulgares
651 2117 767 2182 melius
792 2116 1028 2202 explanandam
1053 2117 1236 2200 catalogum
1261 2137 1364 2181 voca·

287 2222 437 2287 bulorum
466 2251 486 2311 η
517 2248 574 2309 pro
602 2213 628 2290 u
655 2225 878 2289 exhibentium
909 2226 1018 2289 eodem
1043 2222 1137 2288 modo
1165 2223 1363 2287 institutum

291 2336 389 2413 atquo
413 2353 533 2414 eorum,
563 2319 691 2416 quaec}
715 2331 879 2412 exhibent,
904 2330 1011 2395 offero.

451 2501 492 2565 A.
517 2501 544 2566 Ι.

378 2622 690 2711 Ἀνδρομνηστορίδαι
714 2627 749 2692 P.
768 2628 807 2693 H.
836 2628 908 2689 151.

381 2734 508 2816 βέβηκεν
534 2735 568 2799 Ρ.
586 2735 626 2800 Η.
652 2734 680 2800 8.
707 2734 738 2815 5,
764 2732 998 2821 [μ]εταβέβηκεν
1022 2733 1058 2794 Ρ.
1076 2731 1117 2794 Η.
1142 2731 1172 2796 8.
1196 2731 1228 2792 4.

381 2845 479 2932 δῆμος
502 2851 537 2912 Ρ.
555 2850 596 2915 Η.
621 2851 673 2914 58.
699 2850 729 2928 3,
754 2848 876 2937 inplet]
901 2850 936 2913 P.
956 2847 996 2912 H.
1025 2847 1096 2910 108.
1125 2848 1160 2908 11
1188 2851 1222 2908 61
1247 2843 1364 2926 6611161,
1410 2829 1415 2834 ’

291 2956 370 3038 δῆμε
405 2954 441 3022 Ρ.
469 2955 510 3021 Η.
546 2955 621 3022 418.
655 2959 682 3034 1,
716 2954 858 3039 δημοσίηι
880 2954 915 3020 P.
945 2953 987 3015 H.
1016 2952 1068 3016 58.
1100 2951 1150 3034 12,
1182 2947 1366 3033 Ἀινησίδη·

292 3080 350 3144 μος
372 3061 408 3122 Ρ.
426 3061 467 3126 H.
491 3064 541 3126 11.
566 3062 585 3125 8
611 3071 644 3127 61
667 3063 730 3125 368
755 3062 783 3127 I.
808 3063 862 3143 55,
882 3057 1086 3143 Ἀντί-δημος
1107 3058 1141 3120 Ρ.
1160 3057 1201 3121 Η.
1226 3054 1310 3136 398,Ι
1330 3060 1364 3137 0,

292 3163 385 3251 Δημώ
410 3167 446 3232 P.
464 3168 503 3255 Η.
531 3168 604 3234 355.
632 3171 646 3231 1
675 3178 708 3233 61
730 3168 840 3231 sernel.

381 3276 507 3365 ἅ-ζηλος
530 3284 564 3348 Ρ.
583 3283 623 3349 Η.
650 3284 723 3346 325,
749 3285 779 3349 8.

381 3394 573 3482 innodatio
596 3400 632 3462 P.
650 3399 691 3460 11.
719 3399 790 3463 102.
819 3399 870 3480 16,
888 3389 1101 3480 Ἡγέστρατος
1123 3394 1160 3460 P.
1178 3393 1311 3481 11111.
1333 3394 1364 3475 1,
1395 3431 1399 3438 .

292 3498 414 3588 ἡγεμών
438 3505 474 3567 Ρ.
491 3505 532 3570 H.
560 3506 632 3569 102.
660 3505 709 3570 13.
772 3521 775 3526 ·

377 3612 489 3685 Ἠδεῖα
511 3621 547 3686 Ρ.
565 3621 606 3688 Η.
627 3621 699 3686 121.
725 3621 755 3686 3.

372 3733 483 3812 Ἥλιος
506 3736 542 3798 P.
560 3737 601 3805 H.
619 3737 671 3802 64.
696 3737 727 3818 3,
748 3728 931 3818 Ἡλιόδωρος
948 3733 983 3795 Ρ.
1000 3733 1134 3824 Hm.
1153 3731 1173 3793 2
1197 3740 1230 3794 61
1247 3729 1361 3811 semel,

287 3837 518 3930 Ἥλιόφμιντος]
544 3843 579 3909 P.
604 3844 644 3908 H.
670 3843 735 3908 290
765 3848 798 3905 61
821 3841 930 3922 6611161,
954 3835 1081 3914 Ἤλιδος
1104 3860 1176 3922 geu.
1210 3839 1294 3920 sing.
1320 3837 1363 3900 ad

288 3935 380 4023 Ἦλις
402 3949 438 4014 Ρ.
462 3949 504 4015 Η.
527 3949 603 4014 250.
631 3951 685 4030 11,
719 3949 757 4014 cf.
783 3946 917 4011 Bochtel
949 3945 1013 4009 und
1037 3945 1132 4025 Fick,
1165 3942 1361 4009 011Ρ61111.2

319 4099 325 4114 .
354 4053 425 4118 136.

294 4075 314 4136 p
383 4152 483 4243 ἡμέρα
506 4160 541 4225 Ρ.
558 4160 600 4225 H.
618 4160 692 4223 325.
718 4161 749 4243 6,
773 4158 900 4244 ἡμέραις
923 4158 959 4222 Ρ.
978 4159 1016 4222 Η.
1044 4157 1172 4221 10811
1200 4161 1233 4218 61
1249 4155 1362 4223 semol.

380 4261 574 4350 Ἡφαιστίων
597 4266 633 4331 Ρ.
650 4267 691 4328 Η.
716 4266 791 4330 205.
815 4265 846 4327 2.
