2946 5018
775 529 950 582 ..12-

322 713 438 772 aetate
461 707 672 771 recentiorem
696 727 768 771 ecee
793 726 890 790 quem
913 703 1047 770 titulum
1072 704 1107 772 P.
1127 703 1168 770 H.
1195 703 1245 770 10.
1293 703 1400 779 Quem

323 819 440 878 contra
464 811 693 876 Miilleneiefen
718 812 825 877 adnot.
851 810 892 875 ad
925 810 1012 878 3700
1040 817 1072 875 et
1096 811 1241 874 Preuner
1261 808 1400 874 Hermes

324 919 372 983 29
399 942 431 1005 p.
460 920 524 984 545
553 920 749 984 sententiam
783 916 990 1005 protulerunt
1024 919 1182 982 rationem
1214 925 1399 1002 temporum

328 1027 415 1090 iuter
450 1024 509 1088 hae
542 1023 622 1088 duas
659 1024 888 1109 inscriptiones
921 1044 991 1088 eene
1026 1024 1233 1090 contrariam.
1292 1021 1400 1097 Quam

323 1132 366 1195 ad
407 1133 605 1197 sententiam
652 1129 849 1216 probandam
895 1129 1034 1197 afferunt
1072 1151 1154 1215 quae
1195 1136 1399 1215 sequuntur:

199 1236 200 1239 ’
329 1238 476 1304 Γ1111111111
501 1238 536 1302 P.
561 1242 600 1305 Η.
626 1238 689 1305 368
714 1238 754 1323 ad
778 1238 862 1301 idem
886 1243 1015 1322 tempus
1038 1239 1200 1322 pertinere
1232 1258 1269 1300 ae
1294 1237 1331 1302 P.
1356 1236 1400 1300 Η.

326 1345 393 1412 387
419 1366 459 1410 ex
484 1351 638 1430 quattuor
662 1345 861 1427 nominibus,
892 1346 1032 1430 quaein
1058 1351 1193 1430 utroque
1217 1343 1313 1409 titulo
1344 1364 1398 1407 oo·

323 1460 471 1534 currant,
496 1447 1085 1538 ορρυ1οτοςἊριστοςἈρίστου368
1110 1451 1138 1517 Ι.
1162 1450 1205 1514 28
1230 1456 1264 1515 et
1287 1450 1399 1534 3878,

326 1556 479 1642 deponitor
501 1555 649 1634 Θευκλεῦς
673 1558 709 1621 Ρ.
734 1558 775 1621 Η.
801 1557 1018 1625 36871115
1042 1567 1076 1622 et
1100 1556 1233 1638 38712,
1250 1554 1397 1639 Μοσχίων
1434 1592 1437 1597 ·

330 1663 492 1730 Λυκαίῗου
523 1664 587 1729 368
613 1663 710 1730 VIII.
743 1664 785 1732 25
820 1671 852 1729 et
887 1664 1018 1747 387.1o‚
1046 1661 1220 1740 Λεύκιππος
1241 1661 1403 1729 Δυκαίὲου

330 1771 394 1836 368
421 1769 518 1838 VIII.
547 1772 584 1835 17
610 1770 964 1853 11138723ς11111111111
989 1771 1026 1837 P.
1040 1771 1080 1837 H.
1106 1770 1170 1834 387
1200 1775 1308 1834 autem
1335 1789 1402 1832 una

324 1878 495 1943 'homiuum
519 1884 629 1943 aetate
652 1879 869 1963 antiquiorem
894 1899 965 1942 esee
988 1877 1086 1944 titulo
1112 1877 1146 1945 P.
1161 1877 1202 1945 H.
1223 1877 1263 1942 10
1287 1875 1401 1962 colligi

324 2008 424 2071 >poeee
443 2007 482 2052 ex
506 1970 695 2051 nominibus¹
711 1984 872 2070 'quattuor
896 1985 1072 2067 bominum,
1097 2008 1233 2068 quorum
1261 1983 1322 2049 filii
1347 2006 1399 2049 oc·

323 2101 461 2158 currant
493 2095 527 2157 in
557 2092 657 2157 titulo
682 2092 718 2160 P.
739 2092 779 2159 H.
809 2094 863 2176 103
891 2089 1052 2176 Ἐπίγηρις
1077 2090 1272 2179 Ἐπιχάρμου
1296 2086 1336 2154 P.
1356 2091 1401 2158 Η.

331 2200 472 2281 38714,
505 2198 650 2283 Μοσχίων
680 2198 823 2278 Φιλίστου
846 2222 878 2265 ν.
905 2199 956 2281 18,
990 2200 1201 2284 Παρμένισκος
1224 2196 1402 2281 Αἰσχυλίνου

323 2333 355 2372 υ.
399 2307 449 2387 19,
484 2304 658 2382 Λεύκιππος
690 2306 848 2373 Λυκαίὲῒου
881 2329 911 2372 v.
947 2306 1005 2388 233
1046 2313 1081 2370 at
1119 2308 1248 2369 inverso
1287 2303 1401 2368 ordine

328 2411 521 2498 Ἐπίχαρμος
547 2410 725 2497 Ἐπιγήριος
755 2418 813 2476 etc.
846 2414 887 2477 10
919 2411 949 2480 d.
978 2414 1033 2494 40,
1062 2412 1094 2476 b.
1125 2413 1155 2493 7,
1188 2409 1217 2476 d.
1255 2410 1285 2494 8,
1309 2409 1341 2476 b.
1367 2411 1399 2478 2.

324 2518 422 2594 Quae
458 2541 653 2604 quamquam
688 2518 728 2582 ad
763 2506 961 2584 sententiam
1001 2517 1200 2604 probandam
1235 2516 1401 2582 sufficiunt

325 2631 440 2690 tamen
461 2625 691 2690 'Miillensiefen
716 2627 814 2691 etiam
839 2648 878 2690 ex
900 2627 1025 2690 ratione
1050 2647 1132 2709 quae
1155 2627 1241 2689 inter
1264 2623 1398 2688 titulum

331 2734 367 2797 P.
399 2732 440 2797 H.
477 2732 541 2798 368
579 2739 613 2796 et
645 2736 731 2797 inter
766 2733 900 2798 11111111111
930 2731 1135 2815 Calymnium
1171 2731 1213 2799 D.
1248 2731 1277 2795 I.
1312 2730 1403 2797 3590

328 2838 502 2905 intercedit
525 2861 592 2904 rem
617 2840 748 2926 probari
772 2840 924 2905 ostendit.
972 2838 1063 2914 Quae
1087 2861 1158 2903 oum
1182 2840 1231 2902 ita
1254 2841 1332 2918 sint,
1356 2839 1399 2902 11-

325 2946 438 3010 tulum
462 2947 498 3012 P.
509 2946 549 3011 H.
574 2946 638 3010 308
664 2969 735 3011 oum
761 2945 1022 3011 Mulleneiefenio
1047 2952 1080 3010 et
1103 2947 1265 3010 Preunero
1289 2951 1401 3010 aetate

327 3053 497 3148 bominum
520 3053 617 3118 titulo
641 3053 678 3116 P.
691 3054 731 3116 H.
759 3055 800 3118 10
823 3055 1039 3137 antiquiorem
1055 3074 1126 3116 esse
1142 3054 1294 3116 existimo
1312 3073 1400 3115 eum·

331 3181 392 3242 qne
416 3181 500 3223 anno
534 3162 662 3224 circiter
690 3161 756 3223 230
780 3182 809 3226 a.
834 3159 909 3224 Chr.
933 3185 963 3224 n.
989 3161 1108 3225 tribuo.
1157 3157 1251 3234 Quod
1279 3160 1401 3224 attinet

324 3265 371 3330 ad
386 3287 565 3331 sermonem
581 3267 673 3330 tituli
690 3268 726 3333 P.
741 3267 783 3333 H.
806 3267 870 3332 368
888 3270 1058 3353 praecipue
1074 3269 1206 3331 nomina
1228 3266 1400 3329 mulierum

326 3373 555 3458 perlustranda
579 3381 664 3457 cunt,
690 3395 762 3438 cum
787 3395 826 3438 ex
851 3376 1090 3460 quinquaginta
1112 3372 1237 3438 duobus
1262 3347 1400 3436 nomini-

331 3480 403 3564 bus,
432 3501 514 3565 quae
545 3481 710 3564 pertinent
739 3480 779 3545 ad
812 3479 1061 3545 declinationem
1089 3483 1219 3564 111-α,
1246 3480 1400 3544 tredecim

325 3587 469 3673 exempli
493 3590 601 3671 gratia
613 3585 710 3674 Ἃλίη
727 3588 880 3674 Νικοτέρη
904 3588 1039 3652 formam
1056 3588 1205 3652 Joninam
1226 3587 1401 3652 ostendant

328 3695 452 3780 viginti
476 3695 618 3778 quinque
642 3700 716 3778 poet
740 3715 914 3758 consonam
939 3717 1006 3758 non
1030 3719 1051 3759 u.
1075 3695 1128 3759 sed
1153 3719 1174 3780 η
1195 3693 1348 3775 habeant,
1372 3715 1400 3758 e.

325 3823 363 3885 g.
388 3801 524 3886 Μονίσκη
548 3809 580 3864 et
603 3823 720 3865 novem
744 3800 848 3864 solum
872 3807 949 3865 ante
974 3807 1067 3886 retp
1089 3823 1115 3868 e.
1139 3824 1170 3886 g.
1191 3799 1404 3885 Ἀριστάνδρο,

326 3907 474 3989 quinque
498 3914 574 3970 ante
598 3928 754 3972 consonae
779 3929 806 3972 e.
831 3930 862 3991 g.
892 3905 1043 3973 Νικοδίκα
1065 3931 1087 3972 α
1110 3906 1295 3971 exhibeant.
1328 3904 1402 3981 (tua

331 4033 365 4075 re
390 4020 526 4097 apparet
548 4013 690 4076 insulam
708 4011 807 4077 Ooam
826 4014 1072 4097 propinquitate
1088 4020 1121 4076 et
1137 4013 1283 4076 amicitia
1300 4015 1402 4079 conti·

325 4120 419 4203 gisee
443 4117 483 4181 ad
507 4119 602 4184 urbes
626 4120 761 4184 Jonieas
786 4122 922 4185 vicinae.

332 4281 334 4286 ,
421 4226 554 4309 Reliqui
577 4227 680 4310 tituli,
704 4229 760 4312 qui
784 4248 856 4290 cum
882 4226 990 4291 titulis
1014 4227 1050 4292 P.
1071 4227 1113 4290 H.
1140 4227 1181 4293 10
1205 4235 1238 4292 et
1262 4227 1325 4294 368
1350 4251 1401 4294 cm
1467 4224 1468 4229 ¹
