2858 5018
499 301 693 352 -111-

314 501 339 543 c.
366 479 585 562 imperativus
610 479 725 542 aoristi
748 479 882 562 passivi.

150 605 379 688 ἐπιμεληῗέντω
403 603 444 666 D.
469 603 497 667 Ι.
523 603 619 669 3619.
647 605 697 669 10.

154 727 248 802 Quod
272 729 392 792 attinet
415 728 454 791 ad
477 728 598 792 formas
621 727 773 812 vulgares
795 728 829 792 in
853 751 953 793 -ντων
976 733 1009 792 et
1031 727 1066 790 in
1088 728 1128 792 ti·

58 835 140 900 tulis
164 834 317 899 Doridem
342 841 376 898 et
398 837 431 897 in
456 834 564 898 titulis
588 857 766 899 sermonem
783 835 950 920 vulgarem
975 833 1128 898 exhiben-

59 941 151 1006 tibus
183 941 340 1026 quaedam
371 947 513 1007 exstant.

64 1056 88 1139 Ἰ
152 1044 406 1134 ἀφαιρεῖνέντωνῖ
436 1048 472 1114 P.
505 1048 546 1113 H.
579 1049 632 1115 34.
665 1048 719 1131 29,
752 1045 998 1134 ἀναγραψάντων
1028 1051 1062 1115 P.
1087 1048 1128 1115 H.

60 1154 138 1220 382.
171 1156 223 1237 26,
256 1150 435 1222 ἀναίνέντων
464 1155 500 1221 P.
529 1155 571 1218 H.
601 1156 675 1222 382.
706 1156 760 1240 28,
791 1153 987 1243 τε[ι]σάντων
1019 1155 1056 1222 P.
1087 1154 1129 1218 Η.

60 1262 136 1328 382.
162 1263 215 1344 31,
240 1259 522 1349 ἐπισκ[ε]ναζὸντων
546 1263 581 1328 P.
606 1263 647 1328 H.
673 1263 715 1327 36
739 1262 770 1330 b.
798 1264 849 1324 12.

151 1404 185 1491 6)
209 1405 321 1469 Tertia
344 1426 483 1490 persona
507 1407 589 1489 sing.
615 1410 648 1468 et
664 1404 747 1491 plur.
764 1406 952 1489 imperativi
972 1407 1006 1466 in
1022 1404 1129 1470 titulis

60 1509 136 1576 Cois
161 1511 295 1575 alterius
320 1533 347 1575 a.
376 1510 449 1576 Chr.
475 1534 505 1577 n.
532 1512 653 1576 saeculi
677 1535 741 1576 non
772 1532 845 1575 raro
875 1535 884 1576 ι
912 1512 1129 1596 subscriptum

61 1617 205 1698 exhibet,
230 1640 301 1682 cum
325 1619 359 1679 in
383 1617 434 1680 his
457 1617 566 1683 titulis
590 1618 679 1683 nullo
696 1618 760 1684 alio
784 1618 853 1683 loco
878 1640 888 1682 ι
912 1619 1129 1703 subscriptum

59 1723 142 1787 falso
167 1722 387 1805 adscribatur3
423 1746 487 1808 qua
519 1725 557 1789 de
581 1747 680 1788 causa
708 1730 843 1811 apparet
872 1748 882 1789 ι
912 1726 1129 1810 subscriptum

58 1829 120 1893 hoc
152 1828 223 1892 loco
253 1831 283 1892 ei
302 1831 358 1892 rei
388 1830 595 1893 tribuendum
627 1852 708 1914 esse,
738 1831 822 1915 quod
854 1831 1129 1916 propinquitatem

59 1935 222 2021 quandam
247 1938 345 2000 tertia
368 1959 506 2021 persona
529 1939 613 2022 sing.
637 1939 824 2022 imperativi
849 1959 920 2000 cum
946 1945 1020 2002 tert.
1045 1959 1128 2023 pers

58 2045 142 2127 sing.
168 2045 367 2128 conjunctivi
395 2045 534 2127 habeat3
563 2067 602 2108 ex
631 2046 742 2110 formis
773 2047 856 2130 sing.
889 2069 898 2109 ι
925 2045 1126 2130 subcriptum

58 2149 172 2213 deinde
196 2153 229 2213 in
253 2151 372 2214 formas
396 2151 478 2237 plur.
503 2153 675 2218 invasisse.
722 2154 762 2216 ln
794 2151 902 2216 titulis
927 2150 1002 2216 Cois
1033 2151 1130 2215 huius

57 2258 106 2320 rei
130 2257 279 2342 exempla
302 2263 434 2321 exstant
457 2260 553 2323 haee:

148 2404 177 2444 a.
202 2385 350 2467 imperat.
375 2385 458 2467 sing.

149 2489 378 2573 διαγραφέσῧωι
400 2489 441 2554 D.
467 2489 496 2552 Ι.
521 2489 618 2555 3632.
644 2490 697 2572 25,
722 2486 813 2554 ἔστων
843 2489 878 2554 Ρ.
904 2488 946 2555 H.
971 2489 1023 2556 29.
1054 2490 1073 2552 9
1097 2497 1131 2554 et

56 2603 118 2675 ter,
142 2597 257 2660 ὶννέτωι
281 2596 320 2660 Ι).
344 2597 372 2661 Ι.
397 2596 493 2661 3632.
523 2598 562 2660 10
589 2605 630 2682 ¹et
645 2596 715 2676 .bis,
747 2595 1013 2680 σκανοταγείσῖνωι
1035 2596 1076 2662 D.
1102 2596 1128 2662 I.

58 2701 158 2768 3632.
187 2704 236 2767 11.

148 2826 179 2891 b.
204 2827 287 2911 plur.

147 2934 280 3000 ἰννόντωι
308 2935 348 2998 Ι).
373 2934 400 3000 l.
433 2930 530 2999 3632.
566 2935 586 2998 2
623 2941 656 2999 et
693 2933 888 3019 quindecies,
917 2933 1131 3019 λαμβανόντων

56 3040 101 3104 D.
126 3040 153 3102 Ι.
180 3038 276 3105 3632.
301 3041 354 3106 28.

148 3146 290 3211 Aliunde
314 3148 394 3211 mihi
417 3147 514 3212 huius
534 3150 581 3212 rei
604 3148 684 3212 hacc
708 3148 861 3233 exempla
883 3156 1012 3233 praesto
1036 3155 1128 3213 sunt:

56 3247 184 3318 δεδότωι
219 3252 381 3338 Mahaffy,
417 3254 566 3319 Plinders
601 3257 710 3320 Petrie
740 3259 857 3342 papyri
890 3263 972 3340 part.
1006 3255 1053 3345 ΙΙ.
1077 3278 1130 3321 no.

56 3357 160 3422 XIII.
187 3361 237 3427 14.
262 3362 300 3444 23
325 3360 448 3440 ἐξέστωι
470 3362 501 3427 J.
527 3360 568 3426 G.
593 3363 661 3429 Ins.
690 3364 763 3430 155.
788 3342 841 3444 99',
874 3384 1009 3446 quorum
1040 3362 1130 3445 prius

56 3467 282 3532 testimonium
306 3467 346 3531 ad
369 3470 503 3532 tertium
527 3482 555 3536 a.
582 3468 655 3536 Chr.
673 3492 705 3531 n.
732 3469 907 3548 saeculum,
932 3468 1069 3533 alterum
1090 3467 1129 3530 ad

57 3571 198 3636 alterum
223 3575 387 3639 saeculum
410 3577 562 3660 pertinet.
610 3575 778 3650 Quacum
804 3597 837 3638 re
862 3574 1022 3654 cohaeret,
1045 3573 1130 3658 quod

57 3700 99 3742 ex
123 3679 276 3765 analogia
299 3683 416 3746 tertiae
440 3704 524 3766 pers.
543 3683 743 3767 conjunctivi
760 3705 770 3746 ι
789 3681 1006 3766 subscriptum
1031 3681 1130 3745 etiam

56 3786 93 3847 in
117 3787 249 3850 tertiam
273 3809 443 3874 personam
469 3790 555 3873 sing.
583 3789 724 3874 optativi
746 3790 881 3859 invasit.

148 3893 187 3956 In
212 3895 309 3959 titulo
333 3895 491 3961 Prczenio
516 3895 601 3959 Bull.
619 3896 657 3960 de
678 3918 757 3962 corr.
784 3894 859 3961 hell.
886 3896 937 3979 17,
961 3895 1052 3976 86‚5
1076 3917 1130 3958 ex·

57 4004 127 4063 stat
151 4003 256 4066 ΙΩΙΕΙ
278 4024 336 4086 pro
360 4000 443 4085 ἰοίηι;
467 4003 585 4068 titulus
605 4003 643 4066 ad
673 4003 705 4065 id
729 4009 859 4088 tempus
887 4005 1039 4086 pertinet,
1068 4023 1130 4085 quo
