2946 5018
644 484 646 487 ’
758 523 934 576 -10-

315 700 431 765 Delum
456 701 591 785 miserit,
615 701 760 766 docuisse
785 700 945 784 Homolle,
962 701 1048 767 Bull.
1071 702 1111 764 de
1135 723 1214 766 corr.
1231 700 1306 766 hell.
1327 702 1380 767 15.

314 831 344 892 p.
373 809 450 890 1263
479 809 512 872 in
548 810 758 892 inscriptione
782 812 817 874 Ρ.
842 808 882 874 Η.
907 810 950 875 45
974 837 1018 868 =:
1039 807 1079 871 D.
1108 808 1136 871 I.
1167 808 1264 891 3643,
1297 830 1387 893 quae·

302 916 433 980 babeat
449 917 683 1000 praescriptum
700 912 750 981 ἐπὶ
766 913 1153 1001 μονάρχουῖΑλὶταιμένευς
1168 915 1229 980 duo
1247 917 1386 979 nomina

314 1043 486 1103 occurrere,
504 1043 586 1106 quae
603 1024 699 1087 etiam
726 1024 759 1084 in
785 1023 882 1086 titulo
908 1024 942 1086 P.
962 1023 1001 1087 H.
1024 1024 1063 1088 10
1080 1030 1272 1087 occurrant.v
1289 1022 1382 1085 Veri·

314 1128 515 1192 simillimum
540 1131 641 1213 igitur
665 1150 734 1193 esse
767 1129 851 1193 huuc
882 1129 1131 1193 Althaemenem
1164 1135 1213 1193 ter
1242 1150 1383 1192 comme·

314 1243 472 1300 moratum
498 1235 633 1300 eundem
666 1258 736 1300 esse
765 1237 927 1300 hominem
960 1245 993 1300 et
1022 1238 1250 1319 inscriptiones
1275 1237 1320 1298 P..
1338 1235 1381 1300 H.

280 1363 287 1374 ·
318 1343 356 1408 10
380 1348 413 1406 et
441 1343 484 1406 45
513 1345 626 1422 aetati,
659 1364 723 1427 qua
754 1343 910 1425 floruerit,
939 1344 970 1405 id
1003 1351 1053 1406 est
1086 1345 1217 1407 exeunti
1250 1342 1383 1405 saeculo

313 1449 538 1514 attribuendas
571 1471 651 1513 esse.
710 1451 816 1513 Huius
851 1451 1032 1514 sententiae
1076 1448 1155 1512 fides
1196 1447 1381 1513 confirmari

313 1563 421 1642 potest
444 1559 638 1642 comparatis
670 1555 794 1620 duabus
825 1556 1093 1640 inscriptionibus
1118 1553 1314 1638 Calymniis3
1340 1557 1380 1618 cf.

313 1659 422 1726 adnot.
440 1660 480 1724 ad
497 1662 537 1727 D.
559 1661 585 1727 I.
605 1662 701 1727 3586.
728 1662 796 1730 Hoc
813 1661 1124 1746 decretoLysander
1139 1661 1225 1725 filius
1244 1660 1380 1727 Phoeni·

314 1770 359 1831 cis
377 1766 567 1851 Calymnius
591 1790 707 1832 corona
731 1789 828 1831 aurea
845 1768 993 1847 donatur,
1018 1770 1095 1853 quia
1118 1771 1151 1830 in
1177 1767 1271 1846 bello,
1294 1768 1379 1852 quod

266 1958 268 1961 Ι
315 1874 523 1959 Hierapytnii
537 1873 707 1939 Cretenses
717 1874 906 1958 Oalymniae
923 1875 1048 1938 insulae
1064 1875 1254 1955 intulerunt,
1271 1876 1380 1937 virum

312 1983 427 2046 fortem
452 2003 486 2046 se
510 1980 684 2067 praestitit.
726 1983 1123 2049 contendebam
1149 1989 1256 2047 autem
1282 1988 1378 2067 putat

314 2085 434 2152 bellum
458 2089 517 2154 hac
533 2091 567 2151 in
584 2089 794 2174 inscriptione
812 2096 1097 2153 commemoratum
1114 2090 1177 2153 dici
1193 2090 1377 2171 latrocinia,

314 2218 395 2280 quae
424 2195 594 2260 Cretenses
626 2219 698 2260 cum
722 2197 849 2261 Nabide
877 2197 1206 2260 Lacedaemoniorum
1238 2202 1390 2278 tyranno

313 2304 448 2367 fecerint
463 2325 597 2386 qnorum
623 2305 720 2367 etiam
738 2303 912 2386 Polybium
936 2306 1133 2367 mentionem
1155 2304 1254 2366 faciat
1270 2304 1379 2366 dicens

200 2429 203 2433 ·
313 2409 411 2473 VIII.
444 2410 476 2473 8:
507 2408 608 2490 Νάβις
630 2408 779 2475 ἐκοινώνει
802 2418 867 2486 τοῖς
893 2407 992 2496 Κρησὶ
1016 2414 1078 2475 τῶν
1101 2409 1185 2475 κατὰ
1213 2407 1379 2475 adtamen

311 2513 461 2600 λῃστειῶν.
509 2504 602 2594 Quae
624 2518 652 2580 si
676 2518 724 2581 ita
755 2538 790 2580 se
821 2517 942 2581 habent
966 2518 1017 2581 bic
1046 2517 1162 2582 titulus
1187 2514 1380 2599 Oalymnius

313 2627 355 2688 ad
389 2645 510 2685 annum
539 2624 603 2687 205
634 2624 818 2688 referendus
852 2630 911 2688 est.
964 2624 1048 2687 Huic
1078 2624 1177 2688 titulo
1207 2621 1378 2705 Calymnio

312 2735 421 2794 autem
452 2729 621 2814 aequalem
652 2751 722 2793 esse
753 2730 886 2795 titulum
911 2729 1012 2794 Coum
1039 2731 1072 2796 P.
1090 2731 1130 2795 H.
1162 2731 1210 2812 lO,
1241 2729 1282 2791 de
1313 2753 1388 2813 quo·

312 2839 432 2922 agitur,
456 2837 633 2901 verisimile
656 2843 717 2920 est,
742 2859 814 2901 curn
838 2838 872 2899 in
895 2837 1001 2900 indice
1025 2858 1133 2901 eorum
1156 2837 1211 2920 qui
1236 2838 1280 2898 rei
1299 2835 1377 2920 pub-

312 2946 393 3009 licae
418 2943 660 3026 Calymniorum
686 2945 855 3028 pecuniam
885 2945 1132 3008 contribuerunt
1163 2944 1199 3010 P.
1224 2943 1265 3008 H.
1291 2943 1384 3007 3590

312 3052 454 3134 quinque
478 3053 609 3114 nomina
634 3055 813 3132 occurrant,
839 3071 921 3133 quae
946 3053 1045 3123 etiarn
1069 3052 1103 3113 in
1128 3050 1224 3114 titulo
1242 3047 1311 3113 Coo
1331 3050 1379 3112 in-

312 3157 487 3220 veniantur
510 3163 607 3241 atque
635 3160 669 3219 in
698 3158 795 3222 titulo
821 3154 885 3220 Coo
917 3159 1016 3221 etiarn
1046 3157 1084 3220 de
1118 3157 1222 3220 salute
1253 3157 1380 3239 patriae

312 3261 414 3346 deque
438 3260 670 3326 confoederatis
695 3268 830 3347 agatur3
855 3263 969 3337 deinde
993 3263 1125 3326 aliunde
1142 3265 1309 3348 cognitum
1327 3270 1378 3326 est

312 3369 435 3452 piratas
461 3365 629 3431 Cretenses
653 3370 774 3451 impetu
801 3371 833 3430 in
857 3366 1062 3451 Calymniam
1085 3369 1226 3431 insulam
1251 3367 1384 3452 repulso-

312 3476 394 3538 sein
416 3476 670 3560 promontorium
689 3473 802 3556 Ouum,
828 3477 880 3538 cui
904 3497 1020 3538 nornen
1045 3481 1114 3538 erat
1131 3473 1290 3559 Λακητήρ,
1316 3495 1378 3538 ret·

312 3579 436 3646 tulisse.
483 3581 543 3643 His
567 3602 612 3644 ex
640 3582 747 3671 causis
776 3603 795 3643 a
819 3559 1080 3645 Mullensiefenio
1112 3580 1222 3644 allatis
1251 3586 1378 3643 senten-

312 3687 391 3748 tiam
410 3687 486 3750 .eius
510 3686 610 3770 probo
634 3694 733 3768 atque
758 3707 830 3748 cuni
854 3708 891 3749 eo
914 3686 1184 3748 verisimillimum
1208 3685 1261 3749 vel
1283 3685 1380 3770 plane

313 3798 432 3856 certum
459 3814 528 3856 esse
552 3799 631 3876 puto
656 3792 789 3856 titulum
816 3793 851 3855 P.
864 3792 904 3858 H.
932 3795 972 3858 10
997 3814 1081 3856 anno
1106 3815 1134 3857 a.
1160 3790 1233 3858 Ohr.
1258 3815 1290 3857 n.
1314 3793 1384 3858 205«

312 3900 553 3962 attribuendum
568 3934 570 3937 ·
588 3921 667 3963 esse.
689 3937 728 3947 -
750 3897 1072 3963 Commemorandum
1105 3907 1155 3963 est
1183 3899 1380 3962 Preunerum

312 4004 446 4068 Hermes
462 4005 517 4069 29.
539 4029 569 4090 p.
587 4007 661 4071 548.
680 4011 795 4090 putare
813 4006 902 4070 ..hano
924 4007 1170 4089 inscriptionem
1187 4006 1227 4068 ad
1245 4005 1383 4087 cladem,

312 4131 376 4195 qua
399 4111 624 4175 Pausistratus
648 4111 848 4176 Rhodiorum
873 4111 938 4175 dux
962 4135 1047 4179 auno
1075 4113 1137 4178 100
1166 4114 1200 4175 in
1230 4112 1314 4176 bello
1339 4113 1384 4175 ab
