2858 5018
433 1288 607 1389 Caput
634 1274 746 1363 ΠΙ.

173 1471 249 1546 De
279 1467 687 1546 declinatione
714 1466 1019 1542 nominum.

547 1882 567 1959 e
594 1877 645 1942 16.

253 2046 309 2116 Dc
338 2045 564 2116 declinatione
591 2045 752 2135 stirpium
779 2045 816 2114 ic
834 2041 935 2118 -οῖ

445 2216 472 2278 l.
498 2215 547 2278 De
570 2215 744 2278 femininis

149 2339 280 2422 Ubique
296 2338 470 2403 dialectum
485 2339 635 2404 Doricam
653 2342 687 2402 in
704 2338 989 2404 terminationibus
1006 2339 1129 2425 primae

59 2447 286 2513 declinationis
310 2434 337 2510 α
361 2469 418 2531 pro
441 2469 462 2528 η
490 2446 641 2510 exhibere
666 2448 747 2510 satis
779 2453 915 2511 constat.
963 2445 1033 2510 Hoo
1060 2444 1130 2510 loco

59 2560 169 2618 autem
194 2576 257 2616 non
282 2552 384 2616 solum
409 2575 447 2616 ea
462 2551 623 2625 vocabula
646 2554 680 2614 in
706 2552 823 2635 quibus
843 2550 1001 2616 dialectus
1017 2552 1130 2616 Ionica

60 2668 93 2724 et
116 2661 273 2742 Atticen
298 2659 463 2739 exhibent,
488 2659 542 2723 sed
566 2659 721 2723 etiamea
744 2657 913 2742 inquibus
938 2660 1037 2722 etiam
1061 2656 1129 2721 dia-

60 2767 164 2832 lectus
193 2765 308 2831 Attica
343 2790 364 2830 α
400 2766 531 2829 exhibet
563 2765 643 2828 mihi
676 2764 838 2828 afferenda
873 2785 943 2828 esse
978 2770 1057 2848 puto
1090 2761 1130 2828 ad

60 2875 219 2937 rationem
244 2874 329 2937 inter
353 2873 472 2936 formas
490 2873 626 2936 Doricas
642 2871 794 2955 vulgares
820 2879 852 2935 et
867 2871 997 2934 Ionicae
1014 2870 1130 2935 melius

62 2986 310 3072 explanandam.
333 3049 337 3055 .

150 3129 178 3192 I.
202 3153 223 3194 α
245 3129 362 3213 longae
385 3131 419 3192 in
444 3130 564 3194 Doride
588 3131 760 3214 respondet
781 3153 801 3213 η
825 3131 858 3192 in
882 3128 1019 3194 dialecto
1040 3128 1130 3192 loni·

61 3258 99 3300 ca
123 3243 156 3300 et
178 3235 302 3301 Attica.

149 3362 370 3424 nominativus
408 3361 486 3445 sgl.:
522 3358 543 3425 ἁ
575 3361 611 3423 Ρ.
637 3361 677 3424 Η.
711 3361 786 3427 402.
822 3365 836 3423 l
869 3367 902 3424 et
934 3361 1130 3444 quindecies,

59 3462 116 3533 ἅδε
147 3467 183 3534 P.
212 3467 253 3534 H.
287 3467 358 3534 137.
389 3467 422 3548 3,
453 3464 617 3551 ἀναγραφαί
649 3467 686 3529 Ρ.
711 3467 752 3531 H.
777 3466 852 3531 367.
877 3466 931 3546 97,
966 3462 1132 3551 ἀπογραφαί

59 3576 100 3638 Ρ.
125 3573 167 3636 Η.
193 3573 267 3640 367.
292 3574 334 3636 46
359 3581 393 3638 et
416 3573 526 3654 semel,
551 3570 644 3653 βουλαί
668 3573 703 3640 P.
728 3572 770 3638 H.
799 3571 870 3636 102.
898 3574 914 3634 1
947 3577 1129 3656 etquater,

58 3676 103 3764 γᾶ
125 3679 162 3746 P.
186 3678 226 3744 H.
253 3678 327 3744 640.
356 3681 383 3759 1,
408 3675 516 3762 γνώμα
538 3678 575 3743 P.
601 3679 641 3741 H.
666 3677 697 3740 2.
725 3679 766 3741 10
790 3683 823 3740 et
846 3682 906 3757 ter,
929 3674 1005 3759 γυνά
1030 3677 1065 3740 Ρ.
1088 3676 1129 3743 Η.

59 3786 136 3851 376.
163 3784 194 3866 3,
228 3782 384 3872 [διαν]ομαί
417 3785 451 3850 P.
480 3784 522 3851 H.
555 3786 599 3851 40
623 3806 651 3847 a.
686 3784 737 3867 15,
766 3780 870 3868 εἰράνα
902 3805 1023 3846 numm.
1052 3783 1129 3864 244,

59 3888 228 3980 [ἐξαγ]ωγαί
253 3889 288 3953 Ρ.
312 3889 353 3956 Η.
378 3890 422 3954 40
446 3910 475 3956 a.
500 3890 532 3974 2,
556 3890 713 3975 ἐωνημένα
739 3890 770 3953 Ρ.
795 3888 836 3954 H.
861 3887 914 3950 38.
940 3889 971 3970 6,
995 3885 1132 3954 Θενδότα

58 3997 99 4062 Ρ.
123 3996 164 4062 H.
190 3995 265 4060 419.
292 3999 308 4058 1
343 3993 512 4082 [[ερ]ωσύνα
536 3999 569 4062 P.
595 3997 635 4062 H.
670 3997 713 4060 40
736 3995 767 4060 b.
795 3996 823 4078 1,
852 3990 1005 4079 Ἰστριαναὶ
1028 3994 1064 4059 Ρ.
1090 3993 1132 4059 Η.

59 4103 139 4167 364.
163 4102 195 4182 2,
218 4099 341 4188 κεφαλά
376 4103 412 4165 Ρ.
437 4103 476 4167 Η.
507 4104 551 4165 40
575 4125 603 4166 a.
632 4105 660 4184 1,
690 4099 781 4187 κριταί
813 4102 849 4166 Ρ.
873 4101 915 4164 Η.
940 4101 993 4166 38.
1023 4102 1054 4181 6,
1078 4100 1132 4182 22,

57 4207 226 4294 Maeotim
248 4208 284 4274 P.
309 4209 350 4272 H.
379 4209 450 4274 135.
479 4211 529 4289 10,
561 4211 706 4275 Modicia
729 4208 805 4277 132.
831 4209 860 4290 6,
892 4204 1006 4273 Μύστα
1029 4207 1065 4270 Ρ.
1090 4207 1131 4271 Η.

1012 4332 1028 4383 6
