2946 5018
749 486 906 539 ..g-

292 661 401 730 στάσιν
425 661 606 751 μετῴκησαν
630 656 674 740 εἰς
696 663 753 747 τὴν
776 660 826 728 νῦν
849 662 933 730 πόλιν
956 663 1024 750 περὶ
1045 660 1081 730 τὸ
1098 662 1288 750 macomus
1310 660 1367 728 καὶ

292 767 512 863 μετωνόμησαν
549 768 622 838 Κῶν
659 769 818 858 ὁμσνύμως
848 768 890 857 τῄ
923 770 1012 862 νήσῳ.
1059 772 1099 838 of.
1134 774 1234 838 etiam
1265 770 1364 835 Diod.

292 876 369 944 XV.
394 877 446 945 76.

382 1000 523 1067 Omnino
555 975 606 1067 res
639 1008 755 1087 quarto
786 1003 916 1069 saeculo
947 1009 1060 1090 gestae
1092 1003 1127 1067 in
1156 1001 1262 1068 titulis
1286 998 1366 1067 (lois

292 1107 384 1172 nulla
407 1110 549 1196 vestigia
572 1108 781 1195 reliquerunt.
1218 1104 1221 1112 Δ

810 1360 841 1424 2.

383 1500 573 1585 Antequam
600 1499 641 1566 ad
663 1523 782 1565 munus
805 1501 901 1567 huius
925 1501 1186 1583 introductionis,
1209 1501 1240 1564 id
1258 1509 1309 1567 est
1325 1500 1366 1567 de

188 1671 191 1676 ,
293 1613 439 1690 tempore
462 1606 633 1672 titulorum
659 1605 798 1673 Ooorum
822 1607 917 1674 etde
942 1607 1065 1692 lingua,
1098 1629 1163 1693 qua
1193 1609 1365 1692 compositi

293 1720 381 1796 sunt,
404 1712 438 1776 in
464 1714 651 1778 universum
675 1713 854 1779 disserendi
870 1723 1000 1781 transeo
1016 1713 1288 1799 praemonendum
1313 1721 1365 1779 est

252 1900 255 1906 .
293 1819 519 1887 difficillimum
545 1843 616 1887 esse
640 1821 679 1886 de
703 1829 849 1907 tempore
872 1823 987 1888 horum
1011 1822 1182 1887 titulorum
1206 1824 1286 1889 certi
1302 1821 1361 1887 ali·

293 1926 371 2012 quid
394 1912 511 2010 dicere,
536 1950 607 1993 cum
631 1930 666 1993 in
694 1931 865 2016 perpaucis
895 1952 947 1995 res
980 1938 1039 1994 aut
1068 1931 1201 1994 nomina
1230 1926 1362 1992 aliunde

293 2035 424 2120 cognita
457 2035 596 2121 aliisque
633 2036 713 2102 locis
742 2039 915 2121 perstricta
942 2042 1233 2102 commemorentur
1262 2041 1362 2120 atque

292 2141 390 2206 index
432 2145 686 2228 magistratuum
726 2166 959 2229 eponymorum
1000 2150 1037 2208 ut
1078 2143 1218 2228 exempli
1253 2144 1363 2228 gratia

293 2248 434 2312 Athenis
458 2252 493 2313 in
516 2250 596 2314 urbe
613 2250 748 2320 Conon
769 2257 877 2317 exstet
900 2271 1004 2335 neque
1020 2272 1061 2314 ex
1084 2249 1191 2316 titulis
1215 2270 1364 2334 recuper-

199 2407 206 2420 .
234 2428 240 2433 ,
294 2357 342 2418 ari
368 2359 486 2441 possit.
542 2358 668 2422 Deinde
696 2381 889 2443 praemoneo
920 2381 972 2422 me
1010 2358 1050 2421 ad
1077 2357 1192 2423 titulos
1223 2355 1306 2421 Coos
1343 2378 1363 2422 a

293 2460 419 2527 Patone
455 2463 574 2527 allatos
613 2466 828 2548 assumpsisse
859 2485 916 2529 sex
948 2463 1064 2529 titulos
1093 2461 1175 2528 Ooos
1209 2484 1248 2527 ex
1277 2461 1363 2527 libro

295 2566 497 2655 ‚Sammlung
521 2569 577 2633 der
606 2569 837 2636 Griechischen
863 2570 1201 2636 Dialektinschriften‘
1226 2591 1361 2654 quorum

293 2683 360 2740 tres
384 2676 453 2742 soil.
470 2700 525 2741 nn.
543 2677 642 2759 3611,
667 2679 753 2743 3612
778 2685 811 2744 et
828 2679 914 2746 3619
931 2682 1036 2744 Paton
1056 2700 1122 2741 non
1144 2679 1266 2762 recepit
1289 2698 1362 2740 cum

293 2779 484 2865 Oalymniae
508 2785 542 2848 in
566 2785 688 2870 templo
713 2785 877 2870 Apollinis
900 2787 1027 2849 inventi
1051 2790 1178 2864 essent3
1202 2791 1270 2848 tres
1291 2781 1363 2858 soil.

293 2912 349 2952 nn.
373 2891 472 2972 3614,
496 2891 582 2955 3617
608 2898 642 2956 et
666 2892 752 2956 3632
777 2913 815 2955 eo
846 2899 991 2975 tempore
1020 2912 1092 2955 cum
1116 2889 1222 2953 Paton
1245 2887 1362 2952 titulos

294 2995 377 3060 Coos
401 2997 534 3082 collegit
557 2998 698 3062 nondum
723 3005 818 3063 erant
840 2999 978 3063 inventi.

382 3089 432 3168 Ac
448 3106 589 3190 primum
614 3104 741 3190 quidem
766 3105 892 3188 titulos,
909 3127 1045 3189 quorum
1062 3109 1193 3188 tempus
1209 3125 1249 3166 ex
1265 3100 1363 3165 rebus

294 3211 327 3273 in
352 3210 393 3274 iis
417 3215 675 3277 commemoratis
699 3213 801 3279 forme
825 3213 951 3277 definiri
974 3215 1089 3298 possit,
1119 3210 1362 3298 perlustremus.

370 3316 643 3402 ¹Antiquissimus
667 3318 805 3384 Ooorum
829 3320 958 3404 titulus,
983 3322 1075 3384 cuius
1103 3327 1231 3405 tempus
1262 3317 1362 3381 ferme

294 3422 420 3488 definiri
454 3427 558 3511 possit
593 3433 644 3490 est
678 3426 719 3488 D.
749 3427 780 3493 J.
815 3428 912 3510 3611,
949 3425 1142 3510 Calymniae
1176 3428 1209 3489 in
1240 3423 1362 3510 templo

294 3530 459 3616 Apollinis
483 3533 653 3614 inventus,
677 3539 728 3597 est
751 3532 913 3598 decretum
939 3536 973 3596 in
996 3534 1150 3598 honorem
1171 3531 1363 3596 Theucratis

295 3636 459 3722 Calymnii
482 3648 685 3725 conceptum,
709 3642 765 3725 qui
789 3663 856 3704 rem
879 3641 1042 3727 publicam
1065 3639 1202 3705 Ooorum
1226 3640 1363 3724 pecunia

294 3745 432 3827 adiuuit,
466 3769 563 3832 quam
593 3747 674 3812 haec
709 3749 827 3813 civitas
859 3746 900 3811 ad
932 3746 1169 3832 expeditionem
1200 3745 1363 3830 quandam

293 3854 380 3936 regis
404 3854 575 3940 Antigoni,
599 3856 656 3939 qui
680 3856 796 3920 hocin
820 3855 947 3919 decreto
977 3855 1163 3919 nominatur
1186 3851 1363 3916 contulisse

293 3958 433 4023 uidetur.
464 3960 639 4045 inscriptio
671 3960 765 4026 valde
793 3961 947 4026 mutilata
971 3968 1020 4025 est
1044 3968 1077 4025 et
1105 3961 1137 4024 id
1160 3961 1267 4044 ipsum
1291 3979 1362 4022 ver·

293 4066 382 4150 bum,
407 4090 470 4151 quo
494 4069 523 4130 si
547 4066 686 4149 adesset,
711 4068 863 4152 eluceret,
888 4090 983 4152 quam
1009 4068 1049 4131 ad
1074 4089 1141 4131 rem
1165 4066 1362 4131 Theuorates

293 4195 361 4238 rem
396 4173 561 4258 publicam
593 4171 732 4239 Goo'rum
763 4176 901 4259 pecunia
931 4173 1105 4260 adiuverit,
1141 4170 1278 4252 excidit,
1306 4169 1363 4234 sed
