2946 5018
740 522 916 577 ..20-

295 697 339 761 94
366 697 561 782 subscriptio
594 703 724 762 statuae
747 698 877 763 Tiberio
901 696 1038 764 claudio
1063 697 1241 783 Cleonymo
1271 700 1372 764 fratri

296 800 330 866 0.
354 802 505 868 Stertinii
529 804 758 889 Xenophontis
782 804 822 869 ab
847 827 946 870 uxore
977 807 1102 890 positae
1126 826 1197 869 esse
1221 805 1369 872 videtur.

294 908 421 974 Deinde
445 909 486 974 ad
510 911 570 975 hoo
592 919 721 996 ternpus
747 913 887 997 pertinet
909 911 1027 977 titulus
1052 913 1086 977 P.
1100 913 1140 978 H.
1162 912 1224 978 106
1248 914 1286 975 in
1311 913 1371 976 ho-

294 1039 405 1081 norem
429 1018 501 1083 Tib.
528 1015 656 1083 Claudii
679 1018 840 1100 Aloidami
862 1018 999 1100 Juliani‚
1023 1020 1078 1103 qui
1102 1021 1200 1082 etiam
1226 1020 1259 1082 iu
1287 1022 1371 1086 titu-

294 1123 325 1187 lo
358 1127 392 1190 P.
407 1124 448 1189 H.
481 1125 524 1189 46
558 1130 834 1206 commemoratur,
865 1127 1002 1210 positus.
1058 1124 1129 1200 Quo
1161 1146 1233 1189 oum
1264 1126 1371 1191 titulo

294 1233 481 1297 nominibus
505 1234 540 1295 in
563 1235 604 1296 iis
628 1235 887 1297 commemoratis
905 1234 1144 1317 conjunguntur
1161 1232 1252 1297 tituli
1272 1234 1310 1300 P.
1325 1233 1369 1299 H.

297 1340 360 1402 103
384 1346 418 1404 et
444 1340 516 1405 135.

385 1446 421 1512 P.
435 1447 475 1513 H.
502 1447 566 1510 313
590 1453 641 1511 441
663 1444 826 1511 decretum
854 1448 888 1510 in
917 1445 1071 1510 honorem
1095 1446 1246 1529 Neronis,
1273 1447 1368 1512 Ρ.Η.

294 1555 360 1620 410
383 1555 418 1616 in
443 1552 595 1617 honorem
613 1552 825 1638 Vespasiani;
850 1574 935 1616 anuo
955 1575 985 1636 p.
1003 1550 1077 1618 chr.
1096 1575 1126 1617 n.
1145 1553 1197 1615 74.
1219 1555 1370 1636 positum

294 1682 366 1724 esse
395 1668 530 1744 apparet
562 1681 602 1722 ex
626 1661 763 1723 vocibus
786 1653 917 1724 ‘dauver
946 1658 983 1724 τὸ
1015 1655 1160 1743 πέμπτον’
1189 1681 1220 1722 v.
1245 1660 1277 1724 4.
1327 1659 1369 1722 ln

295 1766 406 1830 eodem
431 1765 538 1850 lapide
562 1786 599 1828 ao
623 1765 659 1829 P.
675 1765 714 1830 H.
732 1766 798 1828 410
821 1769 932 1828 exstat
955 1765 992 1828 Ρ.
1006 1765 1046 1831 Η.
1063 1766 1128 1829 409
1150 1766 1183 1828 in
1208 1766 1369 1830 honorem

295 1874 407 1957 Satyri
432 1872 546 1935 medici
571 1870 736 1956 eujusdam
768 1874 975 1955 compositus.
1022 1872 1094 1934 lam
1126 1873 1221 1936 homo
1250 1872 1371 1937 doetus

294 1981 414 2064 Rayet‚
438 1979 595 2042 Memoire
619 1999 674 2040 sur
697 1977 765 2041 l’ile
793 1976 832 2040 de
856 1976 919 2041 (los
948 1980 1079 2061 putavit
1108 1978 1243 2041 titulum
1274 1979 1370 2046 Ρ.Η.

294 2088 360 2150 409
385 2086 553 2170 aliquanto
577 2086 794 2168 antiquiorem
819 2105 901 2166 esse,
926 2105 999 2146 oum
1022 2087 1148 2149 nonsit
1170 2086 1369 2167 verisimile,

295 2192 381 2276 quod
404 2214 443 2255 ex
473 2193 544 2254 basi
572 2198 702 2255 statuae
725 2191 930 2275 imperatoris
956 2189 1045 2253 basis
1069 2196 1198 2255 statuae
1223 2191 1370 2257 hominis

295 2299 417 2385 privati
441 2298 528 2362 faeta
552 2299 605 2361 sit.

385 2403 492 2466 Alteri
528 2426 557 2486 p.
594 2399 667 2466 Chr.
698 2423 729 2465 u.
764 2399 892 2463 saeculo
924 2401 1113 2466 tribuendos
1145 2423 1215 2466 esse
1248 2405 1371 2469 titulos

295 2512 331 2574 P.
346 2510 386 2572 H.
418 2508 548 2573 95-91
579 2507 775 2590 compositos
802 2508 836 2568 in
868 2505 1020 2570 honorem
1050 2509 1113 2570 viri
1144 2507 1287 2572 Romani
1320 2510 1388 2576 M..

294 2617 384 2682 Aelii
408 2614 580 2678 Sabiniani
601 2613 697 2677 Aelio
722 2634 761 2676 ex
785 2613 914 2676 nomine
938 2621 1083 2696 apparet.

384 2722 423 2784 In
448 2720 545 2783 titulo
568 2720 605 2782 P.
619 2718 659 2783 H.
684 2719 749 2783 411)
766 2720 950 2782 Antoninus
968 2718 1056 2801 Pius,
1081 2722 1115 2785 P.
1130 2719 1172 2784 H.
1195 2722 1256 2786 101
1277 2721 1367 2785 Mar·

294 2848 351 2890 ous
375 2825 531 2889 Aurelius
564 2832 597 2888 et
633 2823 752 2887 Lucius
778 2821 893 2904 Verus,
918 2825 954 2888 P.
969 2825 1009 2889 H.
1049 2825 1111 2888 100
1135 2823 1309 2890 Caracalla
1333 2837 1371 2892 et

295 2935 330 2999 P.
342 2933 383 2998 H.
408 2934 450 2995 99
476 2931 597 2994 41413
623 2927 709 2992 Geta
733 2934 1036 2992 commemorantur.

383 3038 490 3101 Alteri
515 3036 650 3101 alterius
675 3057 704 3118 p.
731 3032 803 3097 Chr.
828 3058 859 3096 n.
883 3033 1005 3098 saeculi
1037 3036 1122 3119 parti
1154 3036 1368 3102 tribuendum

294 3165 365 3207 esse
389 3144 522 3207 titulum
547 3143 581 3203 P.
597 3142 635 3206 H.
667 3140 728 3204 102
753 3139 941 3224 Sempronio
965 3139 1122 3202 Sallustio
1152 3142 1300 3223 positum
1325 3165 1368 3207 ex

294 3252 424 3314 nomine
459 3248 586 3311 Aurelii
622 3247 801 3309 Aristiouis
831 3252 976 3328 apparet.
1031 3245 1083 3308 Ad
1114 3246 1201 3310 idem
1233 3255 1368 3335 tempus

294 3359 458 3442 pertinent
487 3355 523 3418 P.
538 3353 578 3418 H.
610 3351 674 3417 392
707 3350 841 3415 Aurelio
871 3350 1081 3415 Aristaiohno
1112 3356 1370 3436 gymnasiarcho

293 3465 420 3548 positus
444 3468 477 3526 et
501 3461 537 3523 P.
551 3459 592 3526 Η.
618 3457 682 3524 394
706 3459 739 3519 in
764 3456 915 3520 honorem
940 3456 1079 3520 hominis
1104 3459 1276 3523 cuiusdam
1294 3462 1368 3525 Au·

294 3570 364 3632 relii
388 3567 465 3631 Rufi
489 3567 699 3648 conseriptua

383 3674 528 3748 Quorum
552 3670 723 3734 titulorum
748 3671 920 3732 maximam
950 3676 1074 3751 partem
1098 3670 1311 3753 parvulorum
1336 3678 1367 3738 si

294 3779 334 3844 ad
358 3801 537 3845 sermonem
562 3777 695 3861 propius
727 3774 917 3855 aooedimus,
946 3773 1042 3859 plane
1071 3795 1181 3837 omnes
1206 3775 1366 3842 Doridem

294 3887 445 3949 exhibere
469 3885 627 3948 videmus
665 3878 850 3943 Sermonem
868 3879 1036 3962 vulgarem
1061 3882 1131 3943 sine
1155 3881 1232 3945 ullis
1249 3884 1367 3948 formis

294 3992 423 4055 Doriois
458 3990 613 4052 exhibent
645 3985 733 4050 solus
769 3986 861 4052 PH.
897 3987 937 4050 75
971 3985 1093 4048 Herodi
1125 3989 1312 4054 tetrarchae
1344 4015 1371 4056 a.

294 4095 430 4159 Philone
454 4094 582 4176 hospite
605 4097 639 4154 et
663 4091 699 4157 P.
717 4089 758 4154 H.
783 4090 826 4155 94
849 4090 921 4153 Tib.
947 4088 1082 4154 Claudio
1107 4090 1290 4176 Cleonymo
1322 4097 1367 4160 ab

295 4223 393 4265 uxore
417 4202 542 4284 positus
567 4204 600 4261 et
624 4201 658 4262 P.
673 4197 713 4259 H.
740 4196 812 4277 103,
837 4197 928 4259 ouius
952 4198 1041 4279 origo
1066 4199 1191 4262 ineerta
1215 4207 1278 4264 est.
1314 4203 1366 4266 De
