2946 5018
565 520 742 575 -55-

208 695 303 772 Quod
327 697 448 762 attinet
471 694 512 761 ad
535 719 546 762 ι
567 697 786 781 subscriptum
816 699 850 760 iu
878 695 989 762 dativo
1015 699 1098 781 sing.
1127 697 1185 762 has

117 804 251 869 tabulas
275 804 314 867 ad
338 824 404 867 rem
430 803 546 868 melius
577 803 814 890 explanandam
847 805 983 887 conseqq
1015 812 1124 869 exstat
1150 807 1185 868 in

117 915 160 976 iis
190 913 294 996 primo
322 911 392 977 loco
424 934 435 975 ι
465 913 500 974 in
535 912 646 976 dativo
682 911 909 976 declinationis
944 913 976 974 in
1010 898 1036 975 oi
1063 910 1131 976 scil.
1156 936 1186 997 η,

118 1019 222 1083 altero
245 1018 317 1082 loeo
341 1041 351 1082 ι
373 1020 407 1081 in
430 1018 496 1083 dat.
521 1017 749 1082 declinationis
772 1020 865 1083 in-o.
912 1018 1084 1103 Superiora
1115 1017 1185 1082 loco

118 1123 268 1209 exempla
295 1147 335 1188 ex
365 1124 474 1188 titulis
505 1145 590 1189 auno
621 1147 649 1188 a.
681 1123 755 1189 Chr.
788 1148 820 1190 n.
851 1125 914 1189 100
946 1123 1185 1209 antiquioribus

117 1231 272 1312 collecta,
304 1232 456 1296 inferiore
489 1231 559 1296 loco
593 1253 632 1294 ex
663 1231 771 1296 titulis
805 1231 1036 1297 recentioribus
1068 1231 1186 1296 hausta

114 1361 222 1424 posui.

381 1544 478 1631 olo)
867 1570 889 1632 u

259 1720 375 1809 app)
434 1693 437 1841 l
497 1711 662 1808 alell
749 1743 784 1785 ωι
878 1683 881 1842 l
982 1747 1005 1786 ω

208 1850 436 2019 ‘usqu'
496 1901 594 1985 su)
653 1911 662 1995 p
741 1900 800 1963 138
878 1877 882 2018 1
968 1900 1005 1961 11

270 2077 366 2163 oro)
434 2046 437 2192 l
488 2078 606 2162 usqu
653 2077 663 2192 q.
749 2078 791 2143 ss
878 2050 881 2197 q
968 2077 1009 2140 ac

208 2274 249 2336 ln
273 2276 372 2338 tertia
396 2295 533 2358 persona
556 2275 638 2360 sing.
664 2275 864 2359 conjunctivi
895 2272 1065 2336 discrimen
1099 2272 1184 2334 inter

110 2381 299 2464 formas-qi
314 2389 347 2445 et
363 2382 527 2463 formas-q
545 2380 648 2444 solum
666 2379 856 2444 exhibentes
873 2402 936 2443 uon
954 2400 1025 2442 curn
1043 2378 1184 2461 Meyero,

112 2485 251 2551 Griecb.
277 2486 437 2554 Gramm.²
460 2510 489 2572 p.
516 2488 558 2553 86
583 2509 649 2571 seq.
674 2489 722 2550 ita
746 2485 983 2571 explanandum
1008 2491 1068 2566 est,
1093 2492 1128 2548 ut
1151 2485 1184 2545 in

109 2595 231 2656 formis
261 2617 281 2676 η
313 2594 416 2657 solum
443 2594 683 2674 exhibentibus
708 2615 790 2676 quae
818 2596 882 2656 iam
913 2594 946 2654 iu
977 2590 1084 2654 titulis
1109 2588 1184 2654 Cois
1276 2648 1279 2652 ,

110 2700 211 2762 tertii
246 2700 366 2763 saeculi
400 2722 495 2784 saepe
530 2710 702 2764 occurrunt
736 2724 746 2764 ι
778 2700 995 2783 subscriptum
1029 2698 1181 2762 omissum

110 2807 175 2868 sit.
212 2804 315 2869 Immo
340 2828 417 2869 vero
441 2807 562 2869 formae
579 2808 648 2889 inq
672 2806 828 2889 peculiari
852 2804 945 2869 modo
969 2806 1074 2869 factae
1098 2812 1184 2868 sunt.

111 2912 170 2976 De
196 2910 255 2974 hac
278 2934 311 2975 re
335 2913 480 2976 conferas
506 2934 625 2995 quaeso
651 2918 670 2994 ξ
696 2914 746 2976 25.
771 2914 801 2977 2,

211 3056 221 3096 ι
243 3034 461 3118 subscriptum
486 3036 519 3097 iu
545 3057 577 3098 αι
599 3033 655 3120 (qu)
680 3042 713 3097 et
737 3059 772 3100 ωι
794 3035 896 3100 altero
920 3058 948 3101 a.
967 3034 1040 3102 Chr.
1058 3060 1089 3101 n.
1114 3056 1182 3098 sae·

109 3137 192 3202 culo
216 3138 320 3203 audiri
343 3140 499 3204 desivisse
524 3142 743 3205 Meisterhans
766 3165 798 3226 p.
830 3144 874 3209 53
899 3144 1056 3228 exemplis
1080 3163 1120 3206 ex
1143 3142 1184 3204 ti·

108 3245 200 3308 tulis
222 3245 345 3311 Atticis
378 3247 522 3312 collectis
553 3250 650 3311 nixus
679 3249 827 3313 affirmat.
881 3249 963 3312 Rem
995 3273 1057 3314 non
1089 3248 1185 3311 aliter

107 3357 148 3417 in
176 3352 284 3415 titulis
309 3352 384 3418 Cois
408 3376 442 3418 se
466 3355 584 3418 habere
609 3377 647 3418 err
664 3357 862 3420 testimoniis
886 3359 1090 3441 perspicitur,
1112 3377 1184 3419 cum

107 3483 120 3523 ι
145 3460 185 3522 in
210 3456 317 3522 titulis
341 3463 431 3524 tertii
455 3461 576 3525 saeculi
600 3484 777 3546 numquam
806 3462 943 3530 deficiat.
991 3462 1118 3527 Titulos
1143 3463 1183 3525 D.

107 3569 138 3633 I.
169 3565 259 3631 3632
289 3569 322 3629 in
355 3591 418 3651 quo
454 3566 599 3632 dativum
624 3567 679 3634 Κῶ
705 3593 736 3631 ν.
764 3572 802 3633 17
828 3571 945 3650 ethic,
969 3572 1005 3634 P.
1032 3570 1072 3635 H.
1096 3568 1184 3634 431)

104 3678 144 3738 in
176 3694 242 3756 quo
261 3670 440 3762 'Arulallo
464 3698 495 3741 v.
523 3677 574 3757 19,
600 3675 807 3764 [llrolepluio
832 3699 860 3744 a.
888 3679 929 3740 14
957 3677 1095 3761 legimus
1118 3678 1183 3738 iam

10 3817 14 3824 ·
104 3800 219 3865 supra
241 3778 282 3840 ad
306 3781 445 3844 alterum
470 3783 634 3847 sacculum
659 3783 840 3848 referendos
865 3805 935 3847 esse
959 3786 1079 3848 monui.
1111 3782 1184 3856 Qua

102 3889 149 3952 de
179 3904 281 3948 causa
307 3887 422 3951 titulos
447 3890 481 3950 P.
508 3889 549 3954 Η.
575 3890 628 3970 27,
659 3892 692 3951 in
718 3913 779 3973 quo
804 3890 924 3953 formae
948 3887 1068 3955 δεκάτα
1095 3911 1127 3954 v.
1152 3890 1185 3969 2,
1275 3871 1280 3875 ¹

101 3989 248 4060 Διονύσω
272 4013 304 4056 v.
330 3992 383 4070 62,
405 3991 471 4060 sac
495 4016 526 4059 v.
551 3996 604 4075 65,
629 3993 835 4083 dulillopo'po
861 4020 890 4061 v.
914 3997 969 4076 62,
995 3993 1062 4084 [elui
1088 4018 1119 4061 v.
1141 3995 1183 4058 65

100 4107 141 4166 et
170 4098 214 4162 Ι).
232 4096 262 4159 Ι.
286 4098 384 4179 3614,
407 4101 440 4162 in
466 4123 528 4184 quo
552 4100 641 4186 δάμω
659 4127 687 4168 v.
708 4106 736 4185 1,
760 4100 864 4187 eipoiuu
888 4127 918 4169 v.
947 4104 997 4185 10,
1014 4104 1135 4187 πολέμω
1152 4124 1183 4164 v.

100 4211 124 4272 9
154 4206 315 4289 leguntur
339 4206 432 4271 alteri
458 4230 486 4270 a.
512 4206 586 4274 Chr.
611 4233 641 4274 n.
667 4210 796 4274 saeculo
819 4210 1010 4276 tribuemus.
