2946 5018
371 1331 928 1439 PRAEMONENDA.

209 1780 324 1934 Quo
348 1877 388 1920 ex
411 1861 557 1940 tempore
581 1864 738 1941 quantam
762 1856 829 1920 vim
852 1854 983 1920 dialecti
1000 1857 1186 1943 incognos-

108 1962 249 2028 oendam
266 1962 556 2051 illustrandamque
578 1962 724 2048 linguam
742 1960 901 2027 Graecam
924 1962 1068 2029 habeant
1089 1965 1185 2031 intel-

108 2069 287 2154 legeretur,
311 2069 465 2153 permulti
480 2069 628 2134 homines
652 2069 739 2134 docti
762 2068 956 2154 indagandis
981 2077 1186 2156 perscrutan-

109 2175 230 2259 diaqne
245 2173 390 2240 Graecae
413 2175 546 2260 linguae
562 2175 711 2241 dialectis
735 2195 866 2260 operam
890 2176 1056 2244 dederunt.
1102 2175 1184 2242 (lum

110 2289 225 2346 autem
256 2303 313 2366 per
340 2282 487 2369 singulos
518 2305 620 2347 annos
650 2285 728 2348 novi
751 2283 842 2349 tituli
870 2282 1064 2349 effodiantur
1085 2285 1184 2369 inque

9 2442 14 2447 .
110 2389 219 2457 lucem
241 2387 379 2453 edantur
399 2397 497 2474 atque
513 2389 573 2454 hoo
589 2390 683 2454 modo
705 2391 842 2454 materia
865 2391 899 2454 in
922 2390 991 2455 dies
1015 2397 1184 2476 augeatur,

110 2515 221 2560 novae
241 2497 278 2558 in
301 2494 370 2559 dies
394 2493 433 2559 de
457 2495 606 2561 dialectis
623 2495 759 2562 Graecis
783 2498 991 2582 quaestiones
1010 2499 1183 2582 exsistunt.

111 2601 189 2676 Qua
213 2601 251 2666 de
280 2624 378 2668 cansa
401 2600 526 2668 duobus
556 2605 651 2668 annis
674 2611 749 2690 post
772 2625 869 2689 quam
893 2605 1000 2670 Paton
1024 2610 1057 2668 et
1080 2604 1184 2670 Hicks

107 2709 228 2774 titulos
260 2709 401 2774 insulae]
424 2708 510 2775 Coae
541 2712 609 2795 jam
645 2714 794 2796 cognitos
829 2711 1030 2796 collegerunt
1064 2732 1183 2796 eosque
1276 2694 1279 2699 ¹

108 2815 226 2882 multis
249 2816 413 2902 lapidibus
436 2826 582 2883 recenter
607 2818 731 2882 effossis
756 2825 867 2884 auctos
891 2817 1062 2882 ediderunt
1085 2823 1183 2902 atque

109 2925 354 2989 commentariis
383 2923 423 2987 ad
447 2945 497 2988 res
521 2925 556 2988 in
578 2925 620 2988 iis
645 2932 914 2990 commemoratas
943 2925 1184 3010 pertinentibus

108 3033 354 3112 instruxerunt,
393 3030 530 3110 concilio
568 3031 686 3096 Jacobi
722 3031 964 3116 Wackernagel
1003 3036 1183 3095 commotus

107 3137 289 3201 dialectum
312 3159 422 3201 eorum
446 3143 588 3202 tractare
611 3139 753 3203 institui.
800 3136 881 3203 Cum
898 3138 989 3204 tituli
1006 3140 1064 3206 soi
1087 3138 1184 3223 plane

109 3264 226 3308 omnes
241 3264 326 3309 anno
343 3245 410 3309 300
427 3265 455 3308 a.
473 3243 547 3311 Chr.
572 3268 603 3312 n.
621 3246 815 3310 recentiores
839 3247 907 3309 sint
929 3245 1024 3310 facile
1048 3252 1185 3332 apparet

109 3349 233 3435 duplex
267 3351 342 3414 huic
377 3351 603 3416 dissertationi
641 3351 813 3416 consilium
851 3355 1055 3437 propositum
1095 3371 1182 3434 esse3

109 3457 220 3544 priore
251 3455 381 3541 quidem
404 3456 474 3521 loco
498 3458 630 3522 habitus
655 3457 786 3523 Doridis
815 3459 912 3523 huius
935 3458 1062 3523 insulae
1085 3459 1183 3522 tertio

110 3569 213 3648 atque
237 3563 339 3628 altero
363 3585 392 3627 a.
418 3562 493 3628 Chr.
517 3588 549 3627 n.
574 3565 702 3629 saeculo
729 3564 955 3650 proponendus
980 3570 1040 3645 est,
1068 3563 1183 3628 deinde

110 3677 224 3736 autem
248 3673 347 3736 etiarn
372 3693 436 3755 qua
465 3673 591 3736 ratione
610 3671 773 3751 'dialectus
798 3673 918 3736 Dorica
944 3673 979 3735 in
1003 3692 1182 3735 sermonem

111 3776 282 3863 vulgarem
314 3762 486 3844 transierit
517 3778 709 3863 explicanda
745 3786 843 3864 atque
874 3780 1071 3843 testimoniis
1107 3776 1182 3841 illu·

112 3883 247 3948 stranda
271 3891 331 3952 est.

202 3973 1182 4078 Jarnremplaneperfeceram,cumvereanniMDOOOXOV

112 4098 286 4162 fasciculus
321 4101 445 4183 primus
480 4099 736 4183 inscriptionum
769 4097 968 4163 Graecarum
1002 4098 1182 4162 insularum

113 4206 212 4269 maris
236 4204 362 4290 Aegaei
392 4205 472 4269 mihi
503 4207 538 4270 in
566 4227 683 4270 manns
712 4207 804 4270 venit
833 4211 932 4291 atque
963 4205 1061 4269 simul
1091 4203 1182 4269 tituli

1061 4331 1075 4382 1
