2946 5018
471 1464 826 1559 cotsrtcius

61 1766 65 1768 ἡ
180 1645 302 1722 toruu
333 1646 415 1735 out
445 1646 516 1721 uuo
546 1645 826 1723 nrsstruuout
855 1645 1114 1724 couurtruu.

594 1861 701 1868 ..—

409 2006 412 2008 v
1070 2004 1072 2008 ⁴
1124 1993 1181 2034 ras·

106 2064 336 2115 Praemonendn
359 2103 1035 2118 ................
1164 2065 1179 2116 1

107 2189 307 2239 Introductio

223 2296 238 2347 1
268 2295 445 2348 Testimonin
465 2297 595 2363 quaedam
616 2296 650 2347 de
670 2296 765 2347 insnln
785 2295 823 2348 Co
844 2295 920 2364 apud
942 2302 1039 2364 poetes

269 2409 421 2462 rerumque
440 2395 593 2462 scriptores
614 2396 754 2446 exstantia
809 2433 1039 2447 ......
1112 2394 1182 2447 6-8

220 2491 244 2544 2.
265 2492 307 2545 De
319 2490 410 2544 titulis
423 2491 487 2544 Cois
501 2494 575 2546 tertii
588 2493 762 2559 ulteriusque
778 2509 801 2545 u.
817 2491 882 2545 (ihr.
894 2510 920 2546 u.
932 2493 1037 2559 saeouli,

268 2605 390 2658 quorum
405 2597 517 2661 tempus
535 2607 570 2643 ex
585 2593 669 2645 rebus
684 2593 913 2643 oommemorutis
927 2591 1039 2644 definiri

268 2695 361 2758 potest
409 2729 1039 2744 ...............
1095 2690 1182 2744 8-15

219 2789 244 2842 3.
263 2788 307 2841 De
326 2789 445 2857 reliquis
466 2790 557 2842 titulis
579 2788 644 2841 Cois
665 2789 750 2841 huius
771 2791 833 2841 oevi
854 2828 1039 2843 .....
1077 2789 1182 2844 15-18

220 2888 245 2939 4.
266 2887 309 2939 De
336 2888 426 2939 titulis
454 2885 533 2954 Cois,
564 2891 612 2955 qni
644 2888 679 2942 ud
712 2905 802 2940 aevnm
834 2889 1038 2957 imperatorum

265 2987 408 3059 pertinent
450 3026 1038 3046 .............
1077 2985 1181 3038 18-22

222 3083 246 3137 5.
266 3083 309 3136 De
328 3085 420 3136 titulis
440 3085 647 3154 sepulcralibus
677 3120 1039 3139 .........
1077 3083 1182 3136 22-23

222 3180 247 3233 6.
267 3181 310 3233 De
329 3182 421 3234 titulis
442 3181 507 3235 Cois
529 3185 657 3236 versibus
678 3185 842 3252 compositis
856 3221 1039 3235 .....
1078 3181 1183 3235 23-24
1233 3204 1236 3209 ·

226 3279 250 3332 7.
272 3277 426 3348 Cetoiogus
446 3282 615 3334 mendorum
635 3283 664 3332 in
684 3281 775 3333 titulis
791 3280 855 3333 Cois
870 3282 1039 3334 exstantium
1078 3280 1183 3334 25-27

152 3402 245 3471 Caput
263 3404 295 3456 I:
313 3404 358 3458 De
375 3407 519 3460 vocatibus
542 3444 1041 3465 ............
1148 3405 1183 3458 28
1295 3444 1296 3448 η

129 3500 137 3507 “
222 3512 282 3579 51.
302 3511 336 3564 de
356 3513 505 3565 vooulibus
525 3514 660 3566 brevibus
676 3551 1038 3566 .........
1077 3510 1182 3564 28-32

226 3610 240 3676 ἕ
260 3609 285 3662 2.
306 3609 341 3661 de
360 3610 508 3664 vocalibus
528 3611 622 3679 longis
634 3647 1039 3664 ..........
1076 3609 1183 3662 32-47

227 3709 285 3773 53.
307 3707 341 3759 de
371 3711 581 3776 permutatione
609 3709 752 3762 vocalium
785 3710 913 3760 brevium
940 3708 1039 3776 longu-

309 3821 429 3872 rumqne
452 3843 1038 3859 ..............
1148 3806 1183 3859 48

226 3905 286 3971 54.
308 3903 343 3956 de
363 3903 550 3973 diphthongis
587 3946 592 3956 .
632 3948 635 3956 .
677 3948 681 3957 .
722 3945 726 3956 .
755 3945 757 3948 .
766 3945 1037 3957 .......
1076 3904 1183 3960 48-56

223 4005 238 4071 ὃ
257 4005 283 4059 5.
303 4003 337 4056 de
358 4007 552 4057 oontruotione
586 4043 1038 4059 ...........
1077 4005 1183 4060 56-63

224 4103 284 4169 st.
305 4102 340 4154 de
359 4102 547 4171 productione
568 4105 744 4174 suppletoria
769 4143 995 4158 ......
997 4120 1000 4126 ·
1034 4143 1040 4155 .
1077 4103 1183 4157 63-68

223 4201 282 4270 §i
303 4201 338 4253 de
359 4204 431 4254 eresi
452 4242 1039 4257 ..............
1078 4202 1182 4256 68-69
