2946 5018
545 515 720 568 ..15-

94 694 318 776 antiquiorem
342 713 421 756 esse·
442 694 647 774 existimant3
682 699 773 757 certa
791 713 876 756 anno
910 693 987 777 133,
1019 716 1082 777 quo
1099 695 1164 759 -At-

95 799 186 862 talus
214 799 285 876 111.
322 804 469 863 mortuus
501 804 551 864 est
582 804 615 863 et
652 804 786 884 regnum
822 799 1093 883 Pergamenorum
1132 803 1165 865 in

94 912 296 990 potestatem
322 907 545 997 Romanorum
569 909 671 986 venit,
696 909 782 992 prior
805 914 865 972 est.
905 905 1091 971 Sermonem
1115 907 1166 970 hic
1202 962 1204 966 Α

96 1013 218 1076 titulus
247 1013 380 1077 exhibet
403 1035 442 1076 eo
466 1011 560 1076 modo
595 1014 746 1096 mixtum,
777 1010 812 1075 ut
844 1014 975 1078 nomina
1007 1015 1165 1077 mensium
1199 1004 1201 1010 ¹

92 1119 216 1199 Δάλιος,
234 1117 460 1207 [Ἀρτα]μίτιος
475 1128 508 1184 et
524 1118 647 1184 dierum
660 1119 814 1183 festorum
830 1117 1167 1206 [Hcrlubcinuformas

97 1228 248 1306 Doricae,
273 1226 433 1293 vocabula
458 1223 578 1310 πομπή,
600 1223 701 1310 βουλή,
725 1222 851 1292 Μουσῶν
873 1227 992 1290 formas
1016 1226 1167 1310 vulgares

94 1333 252 1398 habeant.
300 1333 444 1398 Titulum
465 1335 499 1398 P.
514 1333 555 1398 Η.
576 1332 627 1413 73,
642 1335 676 1395 in
693 1356 756 1416 quo
773 1339 1040 1397 commemoratur
1060 1331 1166 1396 Ptole·

94 1439 350 1523 nraeusquidam
362 1462 429 1520 rex,
441 1462 531 1504 soror
540 1437 795 1525 'eiusCleopatra
804 1446 901 1524 atque
911 1461 989 1504 uxor
1000 1441 1068 1502 eius
1078 1437 1166 1503 Olec·
1222 1506 1230 1515 ,

92 1555 195 1631 patra
229 1547 367 1611 editores
402 1547 443 1609 ad
467 1569 569 1612 annos
607 1547 802 1610 127-117
839 1547 982 1614 referunt
1013 1551 1167 1630 putantes

94 1676 210 1738 regem
232 1663 303 1716 esse
326 1653 551 1717 Ptolemaeum
577 1653 656 1717 VII.
680 1653 876 1738 Euergetem
901 1652 947 1719 H.
966 1653 1166 1736 Physconem

1 1763 3 1766 ’
98 1763 213 1826 146ss
230 1761 309 1842 1163
333 1760 386 1823 hic
411 1760 529 1824 titulus
553 1759 685 1823 exhibet
708 1781 887 1823 sermonem
904 1759 1072 1844 vulgarem
1095 1781 1166 1823 cum

91 1890 164 1932 non
199 1870 232 1931 in
262 1867 371 1931 insula
404 1865 449 1932 Co
481 1867 537 1931 sed
565 1867 785 1931 Alexandriae
814 1868 848 1930 in
879 1866 1019 1950 lapidem
1046 1868 1167 1930 incisus

90 1974 361 2054 esse·videatur;
386 1975 526 2039 donatur
550 1975 649 2039 Hiero
674 1973 850 2059 OouS,‘qui
879 1975 918 2037 de
940 1974 1052 2036 liberis
1082 1975 1167 2058 regis

90 2081 276 2146 educandis
310 2082 392 2146 bene
429 2084 548 2146 meruit
582 2103 700 2145 corona
734 2102 842 2147 aurea.
890 2080 961 2156 Quo
997 2081 1038 2144 ab
1065 2080 1167 2150 ¹titulo

94 2189 197 2274 plane
220 2211 284 2252 non
302 2191 448 2274 separari
472 2194 581 2273 potest
604 2190 721 2253 titulus
745 2189 783 2254 P.
796 2189 838 2252 H.
856 2190 912 2270 743
935 2187 1168 2272 regem-Ptolo·

98 2318 220 2359 maeum
256 2298 290 2358 in
323 2295 383 2359 hoc
414 2295 512 2359 titulo
544 2303 827 2360 commemoratum
858 2317 928 2360 esse
956 2295 1167 2359 Ptolemaeum

97 2401 166 2465 XI.
200 2401 362 2466 Auletem'
390 2402 540 2466 (to-56
572 2400 711 2466 editores
746 2404 953 2483 existimant3
987 2402 1085 2465 etiam
1116 2401 1168 2465 hic

99 2509 221 2573 titulus
245 2531 428 2573 sermonem
445 2509 613 2594 vulgarem
638 2509 770 2574 exhibet
786 2507 1030 2593 atquealiunde
1051 2509 1167 2591 impor-

98 2624 194 2680 tatus
219 2637 288 2679 esse
313 2616 452 2698 videtur,
478 2617 608 2679 cumin
633 2618 826 2680 ec'uomina
850 2616 980 2702 propria
995 2621 1081 2678 certe
1104 2637 1167 2677 non

94 2721 169 2785 Coa
193 2728 372 2788 occurrant.

619 2889 667 2964 3(
759 2905 760 2909 ’
872 2969 876 2977 .

187 3039 367 3131 ‘Postquam
393 3040 508 3105 titulos
533 3039 615 3105 Coos
639 3043 729 3105 tertii
753 3047 851 3126 atquc
879 3039 1013 3105 alterius
1037 3039 1168 3119 saeculi,

92 3168 238 3228 quorum
262 3152 390 3232 tempus
425 3170 465 3211 ex
497 3147 871 3231 rebusnominibusqne
898 3148 931 3210 in
962 3148 1004 3210 iis
1034 3168 1168 3212 comme·

98 3255 238 3317 moratis
262 3252 389 3318 definiri
415 3260 536 3338 potest,
562 3255 844 3339 perlustravimus,
867 3275 953 3317 nunc
969 3253 1008 3317 de
1031 3252 1168 3318 dialecto

94 3382 214 3423 eorum
238 3360 333 3424 etde
358 3361 494 3446 reliquis
519 3362 615 3425 huius
640 3364 714 3426 aevi
737 3361 857 3442 titulis,
882 3384 1017 3446 quorum
1041 3368 1169 3445 tempus

95 3467 207 3530 solum
241 3489 281 3530 ex
311 3468 502 3533 litteratura
535 3477 632 3554 atque
662 3491 700 3532 ex
735 3468 866 3533 dialecti
897 3468 1011 3533 habitu
1044 3467 1169 3530 definiri

95 3574 217 3658 possit,
241 3573 415 3638 videndum
440 3583 499 3640 est.
731 3613 779 3650 4-

192 3679 316 3754 Quarto
341 3703 370 3745 a.
396 3679 470 3745 Chr.
488 3706 519 3749 n.
538 3682 657 3746 sarculo
680 3681 846 3750 tribuendi
869 3688 946 3746 sunt
968 3680 1058 3746 tituli
1074 3681 1110 3745 P.
1127 3681 1168 3746 H.

97 3787 141 3850 37
207 3787 261 3868 42,
279 3809 361 3871 quae
374 3789 557 3875 fragmenta
573 3789 715 3854 eiusdem
732 3810 869 3875 magnae
884 3789 1116 3872 inscriptionis,
1136 3789 1168 3850 in

91 3915 167 3978 qua
189 3915 280 3958 sacra
303 3896 336 3957 in
362 3915 472 3958 omnes
496 3895 572 3958 anni
596 3895 663 3958 dies
687 3894 791 3958 relata
806 3895 946 3974 fuerunt,
971 3915 1040 3957 esse
1057 3893 1168 3956 viden·

92 4009 165 4061 tur.
212 3998 306 4073 Quod
330 4002 450 4064 attinet
473 3999 513 4063 ad
537 4000 691 4064 Doridem
724 4001 837 4063 horum
863 3998 1032 4064 titulorum
1065 3998 1168 4063 solum

97 4109 135 4169 in
160 4107 202 4167 iis
226 4107 326 4190 stirps
351 4106 415 4192 [αρο
433 4145 485 4188 -—,
510 4109 560 4171 cui
584 4108 649 4170 iam
674 4107 769 4170 huius
794 4107 909 4192 stirpis
930 4107 1033 4171 forma
1056 4104 1168 4190 vulga·

93 4215 154 4276 ris
164 4212 223 4297 [ερο
236 4253 280 4265 -
302 4215 493 4278 intermixta
510 4220 560 4279 est
576 4220 609 4276 et
625 4213 856 4278 vocabulorum
872 4216 908 4277 in
923 4254 960 4262 -
976 4235 1024 4288 ευς
1039 4210 1169 4279 dativus
