2946 5018
401 1368 936 1476 INTRODUCTIO.

224 1832 281 1932 lle
309 1867 447 1933 historia
469 1875 567 1952 atque
591 1869 657 1934 situ
682 1868 814 1946 insulae
837 1867 922 1934 Coae
950 1891 1023 1934 oum
1045 1868 1201 1934 Hicksius

128 1978 168 2040 in
191 1975 392 2060 praefatione
415 1974 535 2040 diserto
557 1981 637 2060 agat
660 1976 720 2039 hoc
742 1975 812 2041 Ioco
828 1975 958 2061 longius
981 1976 1082 2040 verba
1097 1976 1201 2041 facere

131 2103 265 2147 necesse
288 2105 353 2147 non
377 2088 438 2165 est,
469 2082 525 2147 sed
549 2082 652 2148 solum
682 2105 740 2148 eae
763 2105 814 2148 res
838 2105 921 2168 quae
944 2083 1076 2149 dialecti
1103 2104 1201 2148 causa

131 2189 361 2254 memorabiles
389 2197 488 2275 atque
516 2190 557 2254 ad
581 2198 709 2275 tempus
732 2191 903 2256 titulorum
928 2189 1066 2257 Ooorum
1090 2189 1201 2255 defini·

130 2295 251 2360 endum
276 2296 414 2362 alicuius
439 2299 506 2362 sint
530 2299 687 2363 momenti
709 2296 890 2376 afferendae
914 2303 1001 2381 sunt,
1025 2297 1140 2362 deindo
1163 2296 1201 2361 de

132 2411 282 2488 tempore
294 2403 465 2469 titulorum
482 2403 620 2470 (locrum
638 2404 726 2469 etde
745 2405 939 2486 elocutione,
956 2426 1019 2490 qua
1031 2406 1202 2490 compositi

131 2511 269 2575 suntin
293 2513 482 2576 universum
506 2512 587 2576 mihi
611 2512 771 2599 agendum
795 2519 855 2578 est.

658 2750 686 2811 1.

224 2884 356 2950 Insulae
380 2884 466 2950 (luae
486 2889 596 2971 prima
611 2886 649 2951 fit
665 2889 786 2952 montio
811 2887 894 2972 apud
919 2887 1094 2952 Homerum
1123 2910 1201 2951 non·

131 2991 235 3056 nullis
267 2992 347 3056 locis
371 2991 486 3057 Iliadis
520 2994 649 3082 (versus
677 2995 780 3079 primo
813 2994 884 3059 loco
915 2994 1008 3058 allati
1036 3017 1101 3058 non
1125 3000 1202 3058 sunt

131 3098 383 3186 antiquissimi.)
430 3100 480 3166 Ac
510 3103 640 3185 prinum
665 3101 793 3187 quidem
822 3104 856 3166 in
887 3101 1035 3187 catalogo
1068 3103 1202 3166 navium

131 3205 174 3272 Il.
200 3206 237 3272 B.
262 3207 448 3274 676-679.

236 3352 276 3415 Οἳ
298 3347 319 3415 δ’
326 3343 387 3435 ἄρα
409 3348 540 3436 Νίσυρον
563 3345 671 3436 τέἶχον
695 3349 870 3435 Κράπαῖλὸν
892 3375 927 3416 τε
950 3349 1055 3418 Κάσον
1078 3375 1112 3417 τε

235 3455 300 3522 Καὶ
323 3454 395 3524 Κῶν
418 3454 601 3544 Εὐρυπύλοιο
625 3458 709 3523 πόλιν
732 3457 841 3543 νήσους
863 3482 897 3523 τε
921 3456 1091 3538 Καλύδνας,

236 3561 305 3630 Tur
330 3556 367 3630 αὖ
391 3563 558 3640 Φείδιππός
580 3589 615 3630 τε
637 3563 691 3640 καὶ
706 3560 855 3651 ’Ἄντιφος
876 3558 1062 3651 {succinitur

236 3675 390 3737 Θεσσαλοῦ
413 3663 456 3736 οἷο
479 3674 539 3738 δνω
559 3665 766 3757 Ἡρακλεΐδαο
790 3667 944 3749 ἄνακτος.-

226 3815 264 3882 cf.
298 3815 339 3881 Il.
371 3814 396 3889 Ξ
426 3816 503 3897 25ῑ),
535 3815 562 3881 0
594 3815 647 3881 28.
699 3816 738 3879 In
766 3815 849 3879 libro
880 3813 996 3879 Iliadis
1026 3814 1203 3899 Auliquot
1257 3854 1261 3861 ·

132 3923 249 3986 heroes
266 3918 326 3986 (lui
341 3924 428 3986 inter
452 3945 533 4007 quos
547 3924 617 4009 ipse
633 3920 723 3988 Κόων
747 3922 788 3986 ab
804 3922 953 3986 hostibus
978 3921 1201 3989 vulnerantur.

136 4029 176 4094 [n
196 4027 338 4113 „Isyllol
359 4030 574 4095 Wilarnovitz
591 4031 744 4117 probavit
758 4030 817 4094 hos
833 4031 868 4093 in
881 4028 1018 4094 Iliadem
1035 4051 1074 4094 ex
1091 4029 1202 4093 eadem

132 4132 296 4202 Heraclea
312 4138 490 4203 translatos
507 4159 587 4221 esso,
613 4159 711 4223 quam
728 4139 861 4222 respicit
876 4137 1036 4202 Homerus
1059 4138 1093 4200 in
1110 4136 1202 4200 libris

129 4242 161 4316 Ξ
184 4248 217 4313 et
240 4249 277 4310 Ο.
293 4244 476 4310 Herodotus
496 4245 575 4311 VII.
594 4246 636 4312 99
658 4267 717 4309 nos
734 4245 826 4313 docet
842 4243 925 4309 (loos
941 4265 1011 4310 esse
1028 4245 1202 4308 Dorienses
