<?xml version="1.0" encoding="UTF-8"?>
<!DOCTYPE html PUBLIC "-//W3C//DTD XHTML 1.0 Transitional//EN"
    "http://www.w3.org/TR/xhtml1/DTD/xhtml1-transitional.dtd">
<html xmlns="http://www.w3.org/1999/xhtml" xml:lang="en" lang="en">
 <head>
  <title>
</title>
<meta http-equiv="Content-Type" content="text/html;charset=utf-8" />
  <meta name='ocr-system' content='tesseract 3.04.00' />
  <meta name='ocr-capabilities' content='ocr_page ocr_carea ocr_par ocr_line ocrx_word'/>
</head>
<body>
  <div class='ocr_page' id='page_1' title='image "./decoorumtitulor00bartgoog_0084.png"; bbox 0 0 2910 5018; ppageno 0'>
   <div class='ocr_carea' id='block_1_1' title="bbox 551 506 726 560">
    <p class='ocr_par' dir='ltr' id='par_1_1' title="bbox 551 506 726 560">
     <span class='ocr_line' id='line_1_1' title="bbox 551 506 726 560; baseline 0 -16"><span class='ocrx_word' id='word_1_1' title='bbox 551 506 726 560; x_wconf 70' lang='lat'>„67-</span> 
     </span>
    </p>
   </div>
   <div class='ocr_carea' id='block_1_2' title="bbox 107 681 1172 857">
    <p class='ocr_par' dir='ltr' id='par_1_2' title="bbox 107 681 1172 857">
     <span class='ocr_line' id='line_1_2' title="bbox 107 681 1172 771; baseline -0.001 -23"><span class='ocrx_word' id='word_1_2' title='bbox 107 693 249 771; x_wconf 84' lang='lat' dir='ltr'>apparet.</span> <span class='ocrx_word' id='word_1_3' title='bbox 287 685 414 748; x_wconf 86' lang='lat' dir='ltr'>Nomen</span> <span class='ocrx_word' id='word_1_4' title='bbox 430 684 594 768; x_wconf 89' lang='lat' dir='ltr'>proprium</span> <span class='ocrx_word' id='word_1_5' title='bbox 612 681 708 758; x_wconf 81' lang='grc' dir='ltr'>Ξεῖνις</span> <span class='ocrx_word' id='word_1_6' title='bbox 723 681 827 747; x_wconf 91' lang='lat' dir='ltr'>Ionici</span> <span class='ocrx_word' id='word_1_7' title='bbox 843 681 1009 747; x_wconf 89' lang='lat' dir='ltr'>cuiusdam</span> <span class='ocrx_word' id='word_1_8' title='bbox 1031 682 1172 747; x_wconf 89' lang='lat' dir='ltr'>hominis</span> 
     </span>
     <span class='ocr_line' id='line_1_3' title="bbox 109 792 465 857; baseline 0.006 -3"><span class='ocrx_word' id='word_1_9' title='bbox 109 792 242 856; x_wconf 83' lang='lat' dir='ltr'>fortasse</span> <span class='ocrx_word' id='word_1_10' title='bbox 265 813 383 855; x_wconf 90' lang='lat' dir='ltr'>nomeu</span> <span class='ocrx_word' id='word_1_11' title='bbox 407 795 465 857; x_wconf 88' lang='lat' dir='ltr'>est.</span> 
     </span>
    </p>
   </div>
   <div class='ocr_carea' id='block_1_3' title="bbox 114 929 1170 1126">
    <p class='ocr_par' dir='ltr' id='par_1_3' title="bbox 114 929 1170 1126">
     <span class='ocr_line' id='line_1_4' title="bbox 194 929 1170 998; baseline -0.002 0"><span class='ocrx_word' id='word_1_12' title='bbox 194 933 284 998; x_wconf 78' lang='grc' dir='ltr'>ἕνεκα</span> <span class='ocrx_word' id='word_1_13' title='bbox 306 934 341 998; x_wconf 92' lang='grc' dir='ltr'>Ρ.</span> <span class='ocrx_word' id='word_1_14' title='bbox 360 932 402 998; x_wconf 86' lang='grc' dir='ltr'>Η.</span> <span class='ocrx_word' id='word_1_15' title='bbox 419 933 472 996; x_wconf 85' lang='grc'>94.</span> <span class='ocrx_word' id='word_1_16' title='bbox 491 931 531 996; x_wconf 91' lang='grc'>12</span> <span class='ocrx_word' id='word_1_17' title='bbox 555 939 589 995; x_wconf 91' lang='lat' dir='ltr'>et</span> <span class='ocrx_word' id='word_1_18' title='bbox 612 933 724 995; x_wconf 89' lang='lat' dir='ltr'>novies</span> <span class='ocrx_word' id='word_1_19' title='bbox 741 953 780 994; x_wconf 83' lang='lat' dir='ltr'>ex</span> <span class='ocrx_word' id='word_1_20' title='bbox 804 929 941 996; x_wconf 67' lang='lat' dir='ltr'>*duranci</span> <span class='ocrx_word' id='word_1_21' title='bbox 955 931 995 997; x_wconf 84' lang='lat' dir='ltr'>of.</span> <span class='ocrx_word' id='word_1_22' title='bbox 1013 931 1170 996; x_wconf 89' lang='lat' dir='ltr'>Wacker-</span> 
     </span>
     <span class='ocr_line' id='line_1_5' title="bbox 114 1035 911 1126; baseline -0.004 -23"><span class='ocrx_word' id='word_1_23' title='bbox 114 1041 213 1126; x_wconf 85' lang='lat' dir='ltr'>nagel,</span> <span class='ocrx_word' id='word_1_24' title='bbox 238 1040 356 1104; x_wconf 88' lang='lat' dir='ltr'>Kuhns</span> <span class='ocrx_word' id='word_1_25' title='bbox 379 1039 502 1104; x_wconf 82' lang='lat' dir='ltr'>Ztschr.</span> <span class='ocrx_word' id='word_1_26' title='bbox 529 1038 581 1102; x_wconf 77' lang='grc'>25.</span> <span class='ocrx_word' id='word_1_27' title='bbox 607 1061 637 1123; x_wconf 91' lang='lat' dir='ltr'>p.</span> <span class='ocrx_word' id='word_1_28' title='bbox 661 1037 736 1103; x_wconf 86' lang='grc'><strong>262.</strong></span> <span class='ocrx_word' id='word_1_29' title='bbox 909 1035 911 1039; x_wconf 68' lang='grc'><strong>’</strong></span> 
     </span>
    </p>
   </div>
   <div class='ocr_carea' id='block_1_4' title="bbox 195 1215 723 1300">
    <p class='ocr_par' dir='ltr' id='par_1_4' title="bbox 195 1215 723 1300">
     <span class='ocr_line' id='line_1_6' title="bbox 195 1215 723 1300; baseline 0 -19"><span class='ocrx_word' id='word_1_30' title='bbox 195 1220 228 1300; x_wconf 85' lang='grc'>3)</span> <span class='ocrx_word' id='word_1_31' title='bbox 253 1239 271 1283; x_wconf 87' lang='grc' dir='ltr'><strong>σ</strong></span> <span class='ocrx_word' id='word_1_32' title='bbox 294 1225 370 1282; x_wconf 87' lang='lat' dir='ltr'>ante</span> <span class='ocrx_word' id='word_1_33' title='bbox 395 1237 567 1281; x_wconf 90' lang='lat' dir='ltr'>consonam</span> <span class='ocrx_word' id='word_1_34' title='bbox 593 1215 723 1281; x_wconf 84' lang='lat' dir='ltr'>excidit.</span> 
     </span>
    </p>
   </div>
   <div class='ocr_carea' id='block_1_5' title="bbox 107 1356 1173 1763">
    <p class='ocr_par' dir='ltr' id='par_1_5' title="bbox 107 1356 1173 1763">
     <span class='ocr_line' id='line_1_7' title="bbox 193 1356 1173 1442; baseline 0.002 -20"><span class='ocrx_word' id='word_1_35' title='bbox 193 1361 233 1423; x_wconf 93' lang='lat' dir='ltr'>In</span> <span class='ocrx_word' id='word_1_36' title='bbox 257 1359 364 1424; x_wconf 91' lang='lat' dir='ltr'>titulis</span> <span class='ocrx_word' id='word_1_37' title='bbox 382 1357 457 1424; x_wconf 87' lang='lat' dir='ltr'>Cois</span> <span class='ocrx_word' id='word_1_38' title='bbox 480 1381 500 1442; x_wconf 84' lang='grc' dir='ltr'>η</span> <span class='ocrx_word' id='word_1_39' title='bbox 520 1360 659 1422; x_wconf 87' lang='lat' dir='ltr'>occurrit</span> <span class='ocrx_word' id='word_1_40' title='bbox 676 1358 707 1420; x_wconf 90' lang='lat' dir='ltr'>in</span> <span class='ocrx_word' id='word_1_41' title='bbox 725 1357 882 1421; x_wconf 86' lang='lat' dir='ltr'>vocabulo</span> <span class='ocrx_word' id='word_1_42' title='bbox 900 1356 1173 1442; x_wconf 75' lang='grc' dir='ltr'>πρηγιστεύσαντος</span> 
     </span>
     <span class='ocr_line' id='line_1_8' title="bbox 109 1463 1170 1550; baseline -0.001 -19"><span class='ocrx_word' id='word_1_43' title='bbox 109 1469 142 1533; x_wconf 92' lang='grc' dir='ltr'>Ρ.</span> <span class='ocrx_word' id='word_1_44' title='bbox 165 1467 205 1532; x_wconf 93' lang='grc' dir='ltr'>Η.</span> <span class='ocrx_word' id='word_1_45' title='bbox 232 1468 307 1532; x_wconf 86' lang='grc'><strong>417.</strong></span> <span class='ocrx_word' id='word_1_46' title='bbox 333 1468 354 1529; x_wconf 88' lang='grc'><strong>4</strong></span> <span class='ocrx_word' id='word_1_47' title='bbox 378 1464 462 1550; x_wconf 86' lang='lat' dir='ltr'>quod</span> <span class='ocrx_word' id='word_1_48' title='bbox 486 1465 629 1549; x_wconf 78' lang='lat' dir='ltr'>pertinet</span> <span class='ocrx_word' id='word_1_49' title='bbox 652 1463 693 1527; x_wconf 89' lang='lat' dir='ltr'>ad</span> <span class='ocrx_word' id='word_1_50' title='bbox 717 1464 876 1529; x_wconf 87' lang='lat' dir='ltr'>vocabula</span> <span class='ocrx_word' id='word_1_51' title='bbox 903 1465 937 1527; x_wconf 92' lang='lat' dir='ltr'>in</span> <span class='ocrx_word' id='word_1_52' title='bbox 968 1465 1075 1530; x_wconf 89' lang='lat' dir='ltr'>titulis</span> <span class='ocrx_word' id='word_1_53' title='bbox 1100 1464 1170 1530; x_wconf 80' lang='lat' dir='ltr'>(lra-</span> 
     </span>
     <span class='ocr_line' id='line_1_9' title="bbox 107 1571 1170 1659; baseline -0.002 -19"><span class='ocrx_word' id='word_1_54' title='bbox 107 1577 178 1640; x_wconf 89' lang='lat' dir='ltr'>ticis</span> <span class='ocrx_word' id='word_1_55' title='bbox 201 1575 401 1639; x_wconf 80' lang='lat' dir='ltr'>occurrentia</span> <span class='ocrx_word' id='word_1_56' title='bbox 424 1579 545 1659; x_wconf 81' lang='grc' dir='ltr'>πρεῖγυς</span> <span class='ocrx_word' id='word_1_57' title='bbox 567 1579 600 1636; x_wconf 89' lang='lat' dir='ltr'>et</span> <span class='ocrx_word' id='word_1_58' title='bbox 623 1579 770 1657; x_wconf 82' lang='grc' dir='ltr'><strong>πρεῖσγυς,</strong></span> <span class='ocrx_word' id='word_1_59' title='bbox 798 1571 896 1638; x_wconf 85' lang='lat' dir='ltr'>thess.</span> <span class='ocrx_word' id='word_1_60' title='bbox 928 1578 1073 1657; x_wconf 82' lang='grc' dir='ltr'><strong>πρεῐσβυς.</strong></span> <span class='ocrx_word' id='word_1_61' title='bbox 1122 1575 1170 1638; x_wconf 87' lang='lat' dir='ltr'>De</span> 
     </span>
     <span class='ocr_line' id='line_1_10' title="bbox 108 1679 1172 1763; baseline 0 -19"><span class='ocrx_word' id='word_1_62' title='bbox 108 1681 155 1744; x_wconf 89' lang='lat' dir='ltr'>his</span> <span class='ocrx_word' id='word_1_63' title='bbox 192 1679 374 1763; x_wconf 88' lang='lat' dir='ltr'>vocabulis,</span> <span class='ocrx_word' id='word_1_64' title='bbox 410 1702 546 1763; x_wconf 88' lang='lat' dir='ltr'>quornm</span> <span class='ocrx_word' id='word_1_65' title='bbox 579 1681 662 1742; x_wconf 84' lang='lat' dir='ltr'>ratio</span> <span class='ocrx_word' id='word_1_66' title='bbox 693 1680 778 1743; x_wconf 92' lang='lat' dir='ltr'>inter</span> <span class='ocrx_word' id='word_1_67' title='bbox 813 1700 847 1742; x_wconf 87' lang='lat' dir='ltr'>se</span> <span class='ocrx_word' id='word_1_68' title='bbox 878 1687 911 1744; x_wconf 88' lang='lat' dir='ltr'>et</span> <span class='ocrx_word' id='word_1_69' title='bbox 943 1680 982 1742; x_wconf 89' lang='lat' dir='ltr'>ad</span> <span class='ocrx_word' id='word_1_70' title='bbox 1013 1680 1172 1745; x_wconf 84' lang='lat' dir='ltr'>vocabula</span> 
     </span>
    </p>
   </div>
   <div class='ocr_carea' id='block_1_6' title="bbox 108 1785 1171 1978">
    <p class='ocr_par' dir='ltr' id='par_1_6' title="bbox 108 1785 1171 1978">
     <span class='ocr_line' id='line_1_11' title="bbox 109 1785 1171 1873; baseline -0.001 -21"><span class='ocrx_word' id='word_1_71' title='bbox 109 1789 243 1872; x_wconf 74' lang='grc' dir='ltr'>πρέσβυς,</span> <span class='ocrx_word' id='word_1_72' title='bbox 279 1788 408 1871; x_wconf 56' lang='lat' dir='ltr'>optorto</span> <span class='ocrx_word' id='word_1_73' title='bbox 439 1786 580 1850; x_wconf 91' lang='lat' dir='ltr'>nondum</span> <span class='ocrx_word' id='word_1_74' title='bbox 614 1785 788 1870; x_wconf 85' lang='lat' dir='ltr'>explanata</span> <span class='ocrx_word' id='word_1_75' title='bbox 821 1791 872 1849; x_wconf 91' lang='lat' dir='ltr'>est</span> <span class='ocrx_word' id='word_1_76' title='bbox 905 1786 944 1850; x_wconf 85' lang='lat' dir='ltr'>cf.</span> <span class='ocrx_word' id='word_1_77' title='bbox 973 1786 1171 1873; x_wconf 80' lang='lat' dir='ltr'>Brugmann,</span> 
     </span>
     <span class='ocr_line' id='line_1_12' title="bbox 108 1892 801 1978; baseline -0.006 -19"><span class='ocrx_word' id='word_1_78' title='bbox 108 1893 245 1959; x_wconf 84' lang='lat' dir='ltr'>Grundr.</span> <span class='ocrx_word' id='word_1_79' title='bbox 270 1895 298 1957; x_wconf 92' lang='lat' dir='ltr'>d.</span> <span class='ocrx_word' id='word_1_80' title='bbox 324 1894 432 1978; x_wconf 85' lang='lat' dir='ltr'>indog.</span> <span class='ocrx_word' id='word_1_81' title='bbox 457 1892 590 1976; x_wconf 85' lang='lat' dir='ltr'>Sprach.</span> <span class='ocrx_word' id='word_1_82' title='bbox 615 1893 645 1956; x_wconf 92' lang='grc'>2.</span> <span class='ocrx_word' id='word_1_83' title='bbox 671 1915 701 1976; x_wconf 92' lang='lat' dir='ltr'>p.</span> <span class='ocrx_word' id='word_1_84' title='bbox 725 1893 801 1956; x_wconf 81' lang='lat'>406.</span> 
     </span>
    </p>
   </div>
   <div class='ocr_carea' id='block_1_7' title="bbox 108 2035 1172 2547">
    <p class='ocr_par' dir='ltr' id='par_1_7' title="bbox 108 2035 1172 2547">
     <span class='ocr_line' id='line_1_13' title="bbox 193 2035 1170 2121; baseline 0 -22"><span class='ocrx_word' id='word_1_85' title='bbox 193 2036 391 2099; x_wconf 83' lang='lat' dir='ltr'>Ahrensiunr&#39;</span> <span class='ocrx_word' id='word_1_86' title='bbox 416 2035 589 2100; x_wconf 79' lang='lat' dir='ltr'>dialectum</span> <span class='ocrx_word' id='word_1_87' title='bbox 617 2035 773 2099; x_wconf 80' lang='lat' dir='ltr'>Doricam</span> <span class='ocrx_word' id='word_1_88' title='bbox 793 2037 827 2097; x_wconf 91' lang='lat' dir='ltr'>in</span> <span class='ocrx_word' id='word_1_89' title='bbox 851 2036 931 2098; x_wconf 83' lang='lat' dir='ltr'>duas</span> <span class='ocrx_word' id='word_1_90' title='bbox 958 2044 1066 2121; x_wconf 84' lang='lat' dir='ltr'>partes</span> <span class='ocrx_word' id='word_1_91' title='bbox 1090 2036 1170 2100; x_wconf 90' lang='lat' dir='ltr'>divi·</span> 
     </span>
     <span class='ocr_line' id='line_1_14' title="bbox 108 2139 1171 2225; baseline 0.001 -21"><span class='ocrx_word' id='word_1_92' title='bbox 108 2144 186 2206; x_wconf 87' lang='lat' dir='ltr'>sisse</span> <span class='ocrx_word' id='word_1_93' title='bbox 210 2144 244 2204; x_wconf 90' lang='lat' dir='ltr'>in</span> <span class='ocrx_word' id='word_1_94' title='bbox 262 2140 414 2206; x_wconf 88' lang='lat' dir='ltr'>Doridem</span> <span class='ocrx_word' id='word_1_95' title='bbox 440 2143 636 2205; x_wconf 89' lang='lat' dir='ltr'>severiorem</span> <span class='ocrx_word' id='word_1_96' title='bbox 660 2149 758 2225; x_wconf 87' lang='lat' dir='ltr'>atque</span> <span class='ocrx_word' id='word_1_97' title='bbox 783 2142 816 2203; x_wconf 92' lang='lat' dir='ltr'>in</span> <span class='ocrx_word' id='word_1_98' title='bbox 834 2139 986 2204; x_wconf 87' lang='lat' dir='ltr'>Doridem</span> <span class='ocrx_word' id='word_1_99' title='bbox 1011 2143 1171 2206; x_wconf 87' lang='lat' dir='ltr'>mitiorem</span> 
     </span>
     <span class='ocr_line' id='line_1_15' title="bbox 108 2245 1171 2332; baseline 0.001 -20"><span class='ocrx_word' id='word_1_100' title='bbox 108 2251 187 2312; x_wconf 87' lang='lat' dir='ltr'>satis</span> <span class='ocrx_word' id='word_1_101' title='bbox 203 2251 369 2332; x_wconf 84' lang='lat' dir='ltr'>cognitum</span> <span class='ocrx_word' id='word_1_102' title='bbox 387 2254 447 2311; x_wconf 88' lang='lat' dir='ltr'>est.</span> <span class='ocrx_word' id='word_1_103' title='bbox 473 2247 511 2312; x_wconf 88' lang='lat' dir='ltr'>cf.</span> <span class='ocrx_word' id='word_1_104' title='bbox 531 2248 669 2328; x_wconf 81' lang='lat' dir='ltr'>Ahrens,</span> <span class='ocrx_word' id='word_1_105' title='bbox 687 2246 725 2310; x_wconf 89' lang='lat' dir='ltr'>de</span> <span class='ocrx_word' id='word_1_106' title='bbox 745 2245 822 2309; x_wconf 86' lang='lat' dir='ltr'>dial.</span> <span class='ocrx_word' id='word_1_107' title='bbox 843 2246 918 2313; x_wconf 88' lang='lat' dir='ltr'>Dor.</span> <span class='ocrx_word' id='word_1_108' title='bbox 937 2269 968 2331; x_wconf 90' lang='lat' dir='ltr'>p.</span> <span class='ocrx_word' id='word_1_109' title='bbox 985 2248 1171 2314; x_wconf 84' lang='grc'><strong>403-422.</strong></span> 
     </span>
     <span class='ocr_line' id='line_1_16' title="bbox 110 2353 1171 2438; baseline 0.001 -21"><span class='ocrx_word' id='word_1_110' title='bbox 110 2355 221 2421; x_wconf 89' lang='lat' dir='ltr'>Doridi</span> <span class='ocrx_word' id='word_1_111' title='bbox 238 2356 392 2419; x_wconf 83' lang='lat' dir='ltr'>severiori</span> <span class='ocrx_word' id='word_1_112' title='bbox 405 2354 585 2429; x_wconf 85' lang='lat' dir='ltr'>Ahrensius</span> <span class='ocrx_word' id='word_1_113' title='bbox 603 2375 657 2417; x_wconf 86' lang='lat' dir='ltr'>eos</span> <span class='ocrx_word' id='word_1_114' title='bbox 671 2353 845 2419; x_wconf 85' lang='lat' dir='ltr'>Dorienses</span> <span class='ocrx_word' id='word_1_115' title='bbox 859 2354 1021 2433; x_wconf 86' lang='lat' dir='ltr'>attribuit,</span> <span class='ocrx_word' id='word_1_116' title='bbox 1037 2377 1171 2438; x_wconf 88' lang='lat' dir='ltr'>quorum</span> 
     </span>
     <span class='ocr_line' id='line_1_17' title="bbox 109 2461 1172 2547; baseline 0.002 -24"><span class='ocrx_word' id='word_1_117' title='bbox 109 2461 220 2546; x_wconf 86' lang='lat' dir='ltr'>lingua</span> <span class='ocrx_word' id='word_1_118' title='bbox 243 2486 263 2546; x_wconf 83' lang='grc' dir='ltr'>η</span> <span class='ocrx_word' id='word_1_119' title='bbox 288 2471 321 2527; x_wconf 90' lang='lat' dir='ltr'>et</span> <span class='ocrx_word' id='word_1_120' title='bbox 340 2471 367 2526; x_wconf 82' lang='lat' dir='ltr'>&#39;o</span> <span class='ocrx_word' id='word_1_121' title='bbox 392 2483 429 2524; x_wconf 83' lang='lat' dir='ltr'>ex</span> <span class='ocrx_word' id='word_1_122' title='bbox 456 2485 470 2525; x_wconf 81' lang='lat' dir='ltr'>s</span> <span class='ocrx_word' id='word_1_123' title='bbox 501 2469 535 2525; x_wconf 89' lang='lat' dir='ltr'>et</span> <span class='ocrx_word' id='word_1_124' title='bbox 562 2485 577 2525; x_wconf 89' lang='lat' dir='ltr'>o</span> <span class='ocrx_word' id='word_1_125' title='bbox 606 2461 816 2547; x_wconf 89' lang='lat' dir='ltr'>productione</span> <span class='ocrx_word' id='word_1_126' title='bbox 847 2461 1047 2545; x_wconf 87' lang='lat' dir='ltr'>suppletoria</span> <span class='ocrx_word' id='word_1_127' title='bbox 1078 2468 1172 2525; x_wconf 87' lang='lat' dir='ltr'>natas</span> 
     </span>
    </p>
   </div>
   <div class='ocr_carea' id='block_1_8' title="bbox 76 2565 1174 4251">
    <p class='ocr_par' dir='ltr' id='par_1_8' title="bbox 76 2565 1174 4251">
     <span class='ocr_line' id='line_1_18' title="bbox 109 2565 1172 2653; baseline 0 -21"><span class='ocrx_word' id='word_1_128' title='bbox 109 2576 206 2653; x_wconf 89' lang='lat' dir='ltr'>atque</span> <span class='ocrx_word' id='word_1_129' title='bbox 230 2592 269 2633; x_wconf 85' lang='lat' dir='ltr'>ex</span> <span class='ocrx_word' id='word_1_130' title='bbox 294 2588 367 2641; x_wconf 61' lang='lat' dir='ltr'>aee</span> <span class='ocrx_word' id='word_1_131' title='bbox 391 2574 424 2632; x_wconf 91' lang='lat' dir='ltr'>et</span> <span class='ocrx_word' id='word_1_132' title='bbox 448 2565 523 2640; x_wconf 57' lang='grc' dir='ltr'>ὀψο</span> <span class='ocrx_word' id='word_1_133' title='bbox 540 2576 723 2633; x_wconf 86' lang='lat' dir='ltr'>contractas</span> <span class='ocrx_word' id='word_1_134' title='bbox 741 2568 899 2650; x_wconf 83' lang='lat' dir='ltr'>exhibuit,</span> <span class='ocrx_word' id='word_1_135' title='bbox 916 2567 1029 2632; x_wconf 92' lang='lat' dir='ltr'>Doridi</span> <span class='ocrx_word' id='word_1_136' title='bbox 1051 2571 1172 2632; x_wconf 91' lang='lat' dir='ltr'>mitiori</span> 
     </span>
     <span class='ocr_line' id='line_1_19' title="bbox 109 2674 1170 2760; baseline 0.003 -22"><span class='ocrx_word' id='word_1_137' title='bbox 109 2675 253 2760; x_wconf 88' lang='lat' dir='ltr'>linguam</span> <span class='ocrx_word' id='word_1_138' title='bbox 277 2675 428 2740; x_wconf 87' lang='lat' dir='ltr'>hocloco</span> <span class='ocrx_word' id='word_1_139' title='bbox 453 2698 480 2740; x_wconf 81' lang='grc' dir='ltr'>ει</span> <span class='ocrx_word' id='word_1_140' title='bbox 503 2681 536 2740; x_wconf 90' lang='lat' dir='ltr'>et</span> <span class='ocrx_word' id='word_1_141' title='bbox 559 2700 592 2741; x_wconf 89' lang='lat' dir='ltr'>ou</span> <span class='ocrx_word' id='word_1_142' title='bbox 620 2675 836 2739; x_wconf 83' lang='lat' dir='ltr'>exhibentem.</span> <span class='ocrx_word' id='word_1_143' title='bbox 884 2674 1014 2738; x_wconf 89' lang='lat' dir='ltr'>Insulas</span> <span class='ocrx_word' id='word_1_144' title='bbox 1038 2675 1170 2742; x_wconf 74' lang='lat' dir='ltr'>Dorion</span> 
     </span>
     <span class='ocr_line' id='line_1_20' title="bbox 108 2779 1171 2865; baseline 0 -21"><span class='ocrx_word' id='word_1_145' title='bbox 108 2803 157 2845; x_wconf 81' lang='lat' dir='ltr'>ses</span> <span class='ocrx_word' id='word_1_146' title='bbox 182 2782 222 2845; x_wconf 91' lang='lat' dir='ltr'>ad</span> <span class='ocrx_word' id='word_1_147' title='bbox 246 2789 335 2845; x_wconf 86' lang='lat' dir='ltr'>oram</span> <span class='ocrx_word' id='word_1_148' title='bbox 360 2783 460 2845; x_wconf 87' lang='lat' dir='ltr'>Asiae</span> <span class='ocrx_word' id='word_1_149' title='bbox 484 2783 617 2845; x_wconf 90' lang='lat' dir='ltr'>minoris</span> <span class='ocrx_word' id='word_1_150' title='bbox 643 2783 724 2845; x_wconf 86' lang='lat' dir='ltr'>sitas</span> <span class='ocrx_word' id='word_1_151' title='bbox 748 2779 928 2844; x_wconf 84' lang='lat' dir='ltr'>Ahrensius</span> <span class='ocrx_word' id='word_1_152' title='bbox 953 2780 974 2844; x_wconf 90' lang='lat' dir='ltr'>l.</span> <span class='ocrx_word' id='word_1_153' title='bbox 1000 2801 1025 2845; x_wconf 90' lang='lat' dir='ltr'>c.</span> <span class='ocrx_word' id='word_1_154' title='bbox 1052 2804 1082 2865; x_wconf 84' lang='lat' dir='ltr'>p.</span> <span class='ocrx_word' id='word_1_155' title='bbox 1107 2783 1171 2844; x_wconf 89' lang='grc'>412</span> 
     </span>
     <span class='ocr_line' id='line_1_21' title="bbox 76 2887 1172 2973; baseline 0.003 -22"><span class='ocrx_word' id='word_1_156' title='bbox 76 2892 82 2899; x_wconf 83' lang='lat'>&#39;</span> <span class='ocrx_word' id='word_1_157' title='bbox 106 2909 171 2973; x_wconf 90' lang='lat' dir='ltr'>seq.</span> <span class='ocrx_word' id='word_1_158' title='bbox 197 2887 310 2951; x_wconf 93' lang='lat' dir='ltr'>Doridi</span> <span class='ocrx_word' id='word_1_159' title='bbox 336 2890 458 2951; x_wconf 92' lang='lat' dir='ltr'>mitiori</span> <span class='ocrx_word' id='word_1_160' title='bbox 482 2888 608 2952; x_wconf 88' lang='lat' dir='ltr'>tribuit.</span> <span class='ocrx_word' id='word_1_161' title='bbox 657 2887 719 2952; x_wconf 91' lang='lat' dir='ltr'>Sed</span> <span class='ocrx_word' id='word_1_162' title='bbox 748 2909 787 2951; x_wconf 83' lang='lat' dir='ltr'>ex</span> <span class='ocrx_word' id='word_1_163' title='bbox 816 2888 1013 2951; x_wconf 86' lang='lat' dir='ltr'>testimoniis</span> <span class='ocrx_word' id='word_1_164' title='bbox 1044 2910 1064 2971; x_wconf 88' lang='grc' dir='ltr'>η</span> <span class='ocrx_word' id='word_1_165' title='bbox 1093 2896 1126 2952; x_wconf 90' lang='lat' dir='ltr'>et</span> <span class='ocrx_word' id='word_1_166' title='bbox 1149 2913 1172 2954; x_wconf 88' lang='grc' dir='ltr'><strong><em>ω</em></strong></span> 
     </span>
     <span class='ocr_line' id='line_1_22' title="bbox 106 2993 1172 3084; baseline 0.001 -27"><span class='ocrx_word' id='word_1_167' title='bbox 106 2994 345 3074; x_wconf 87' lang='lat' dir='ltr'>exhibentibus,</span> <span class='ocrx_word' id='word_1_168' title='bbox 371 2996 511 3079; x_wconf 90' lang='lat' dir='ltr'>quaein</span> <span class='ocrx_word' id='word_1_169' title='bbox 536 2995 644 3058; x_wconf 90' lang='lat' dir='ltr'>titulis</span> <span class='ocrx_word' id='word_1_170' title='bbox 670 2993 745 3058; x_wconf 82' lang='lat' dir='ltr'>Oois</span> <span class='ocrx_word' id='word_1_171' title='bbox 770 3001 912 3076; x_wconf 86' lang='lat' dir='ltr'>exstant,</span> <span class='ocrx_word' id='word_1_172' title='bbox 936 3015 1033 3077; x_wconf 89' lang='lat' dir='ltr'>supra</span> <span class='ocrx_word' id='word_1_173' title='bbox 1063 2994 1172 3084; x_wconf 88' lang='lat' dir='ltr'>allatis</span> 
     </span>
     <span class='ocr_line' id='line_1_23' title="bbox 107 3099 1172 3187; baseline 0.002 -24"><span class='ocrx_word' id='word_1_174' title='bbox 107 3106 240 3187; x_wconf 87' lang='lat' dir='ltr'>apparet</span> <span class='ocrx_word' id='word_1_175' title='bbox 263 3099 418 3164; x_wconf 87' lang='lat' dir='ltr'>Ahrensii</span> <span class='ocrx_word' id='word_1_176' title='bbox 450 3100 644 3165; x_wconf 89' lang='lat' dir='ltr'>divisionem</span> <span class='ocrx_word' id='word_1_177' title='bbox 675 3101 716 3165; x_wconf 91' lang='lat' dir='ltr'>ad</span> <span class='ocrx_word' id='word_1_178' title='bbox 747 3101 887 3165; x_wconf 91' lang='lat' dir='ltr'>insulam</span> <span class='ocrx_word' id='word_1_179' title='bbox 912 3099 979 3164; x_wconf 86' lang='lat' dir='ltr'>Con</span> <span class='ocrx_word' id='word_1_180' title='bbox 1012 3124 1073 3165; x_wconf 91' lang='lat' dir='ltr'>non</span> <span class='ocrx_word' id='word_1_181' title='bbox 1100 3122 1172 3165; x_wconf 92' lang='lat' dir='ltr'>con·</span> 
     </span>
     <span class='ocr_line' id='line_1_24' title="bbox 107 3206 1173 3292; baseline 0.002 -22"><span class='ocrx_word' id='word_1_182' title='bbox 107 3209 225 3273; x_wconf 88' lang='lat' dir='ltr'>venire.</span> <span class='ocrx_word' id='word_1_183' title='bbox 273 3206 364 3281; x_wconf 77' lang='lat' dir='ltr'>Quae</span> <span class='ocrx_word' id='word_1_184' title='bbox 389 3228 438 3271; x_wconf 92' lang='lat' dir='ltr'>res</span> <span class='ocrx_word' id='word_1_185' title='bbox 464 3210 561 3272; x_wconf 88' lang='lat' dir='ltr'>etiam</span> <span class='ocrx_word' id='word_1_186' title='bbox 587 3209 661 3272; x_wconf 88' lang='lat' dir='ltr'>aliis</span> <span class='ocrx_word' id='word_1_187' title='bbox 693 3208 772 3273; x_wconf 90' lang='lat' dir='ltr'>locis</span> <span class='ocrx_word' id='word_1_188' title='bbox 806 3211 852 3273; x_wconf 89' lang='lat' dir='ltr'>ita</span> <span class='ocrx_word' id='word_1_189' title='bbox 883 3229 917 3272; x_wconf 90' lang='lat' dir='ltr'>se</span> <span class='ocrx_word' id='word_1_190' title='bbox 948 3207 1047 3272; x_wconf 84' lang='lat' dir='ltr'>habet</span> <span class='ocrx_word' id='word_1_191' title='bbox 1076 3217 1173 3292; x_wconf 89' lang='lat' dir='ltr'>atque</span> 
     </span>
     <span class='ocr_line' id='line_1_25' title="bbox 108 3313 1172 3398; baseline 0.001 -22"><span class='ocrx_word' id='word_1_192' title='bbox 108 3318 245 3377; x_wconf 84' lang='lat' dir='ltr'>maxime</span> <span class='ocrx_word' id='word_1_193' title='bbox 264 3314 413 3377; x_wconf 89' lang='lat' dir='ltr'>Ahrensii</span> <span class='ocrx_word' id='word_1_194' title='bbox 433 3316 614 3377; x_wconf 87' lang='lat' dir='ltr'>sententiae</span> <span class='ocrx_word' id='word_1_195' title='bbox 638 3313 717 3375; x_wconf 86' lang='lat' dir='ltr'>haec</span> <span class='ocrx_word' id='word_1_196' title='bbox 742 3335 792 3376; x_wconf 86' lang='lat' dir='ltr'>res</span> <span class='ocrx_word' id='word_1_197' title='bbox 810 3314 931 3393; x_wconf 87' lang='lat' dir='ltr'>obstat,</span> <span class='ocrx_word' id='word_1_198' title='bbox 948 3314 1031 3398; x_wconf 89' lang='lat' dir='ltr'>quod</span> <span class='ocrx_word' id='word_1_199' title='bbox 1056 3313 1172 3378; x_wconf 90' lang='lat' dir='ltr'>titulus</span> 
     </span>
     <span class='ocr_line' id='line_1_26' title="bbox 107 3420 1172 3505; baseline 0.002 -22"><span class='ocrx_word' id='word_1_200' title='bbox 107 3420 269 3484; x_wconf 80' lang='lat' dir='ltr'>&#39;Pheraeus</span> <span class='ocrx_word' id='word_1_201' title='bbox 294 3421 383 3484; x_wconf 91' lang='lat' dir='ltr'>tertii</span> <span class='ocrx_word' id='word_1_202' title='bbox 401 3420 577 3485; x_wconf 89' lang='lat' dir='ltr'>alteriusve</span> <span class='ocrx_word' id='word_1_203' title='bbox 603 3420 724 3483; x_wconf 89' lang='lat' dir='ltr'>saeculi</span> <span class='ocrx_word' id='word_1_204' title='bbox 742 3422 914 3502; x_wconf 86' lang='lat' dir='ltr'>mitiorem,</span> <span class='ocrx_word' id='word_1_205' title='bbox 931 3442 1027 3505; x_wconf 81' lang='lat' dir='ltr'>quani</span> <span class='ocrx_word' id='word_1_206' title='bbox 1052 3421 1172 3501; x_wconf 88' lang='lat' dir='ltr'>dicunt,</span> 
     </span>
     <span class='ocr_line' id='line_1_27' title="bbox 109 3524 1173 3610; baseline 0.002 -22"><span class='ocrx_word' id='word_1_207' title='bbox 109 3526 261 3591; x_wconf 90' lang='lat' dir='ltr'>Doridem</span> <span class='ocrx_word' id='word_1_208' title='bbox 286 3526 428 3609; x_wconf 85' lang='lat' dir='ltr'>exhibet,</span> <span class='ocrx_word' id='word_1_209' title='bbox 446 3549 518 3590; x_wconf 92' lang='lat' dir='ltr'>oum</span> <span class='ocrx_word' id='word_1_210' title='bbox 535 3524 693 3610; x_wconf 82' lang='lat' dir='ltr'>Cyrenae,</span> <span class='ocrx_word' id='word_1_211' title='bbox 711 3549 793 3610; x_wconf 92' lang='lat' dir='ltr'>quae</span> <span class='ocrx_word' id='word_1_212' title='bbox 810 3528 1026 3591; x_wconf 78' lang='lat' dir='ltr'>&#39;Pheraeorum</span> <span class='ocrx_word' id='word_1_213' title='bbox 1048 3526 1173 3591; x_wconf 87' lang='lat' dir='ltr'>colonia</span> 
     </span>
     <span class='ocr_line' id='line_1_28' title="bbox 107 3632 1172 3717; baseline 0.001 -22"><span class='ocrx_word' id='word_1_214' title='bbox 107 3639 185 3714; x_wconf 91' lang='lat' dir='ltr'>erat,</span> <span class='ocrx_word' id='word_1_215' title='bbox 221 3634 320 3696; x_wconf 87' lang='lat' dir='ltr'>etiarn</span> <span class='ocrx_word' id='word_1_216' title='bbox 353 3635 456 3717; x_wconf 89' lang='lat' dir='ltr'>primo</span> <span class='ocrx_word' id='word_1_217' title='bbox 481 3656 510 3698; x_wconf 89' lang='lat' dir='ltr'>a.</span> <span class='ocrx_word' id='word_1_218' title='bbox 542 3632 615 3700; x_wconf 83' lang='lat' dir='ltr'>Chr.</span> <span class='ocrx_word' id='word_1_219' title='bbox 648 3657 679 3699; x_wconf 76' lang='lat' dir='ltr'>n,</span> <span class='ocrx_word' id='word_1_220' title='bbox 711 3634 839 3698; x_wconf 84' lang='lat' dir='ltr'>saeculo</span> <span class='ocrx_word' id='word_1_221' title='bbox 870 3633 1011 3717; x_wconf 84' lang='lat' dir='ltr'>vestigia</span> <span class='ocrx_word' id='word_1_222' title='bbox 1042 3632 1172 3696; x_wconf 90' lang='lat' dir='ltr'>Doridis</span> 
     </span>
     <span class='ocr_line' id='line_1_29' title="bbox 106 3739 1168 3823; baseline 0.004 -23"><span class='ocrx_word' id='word_1_223' title='bbox 106 3739 276 3804; x_wconf 85' lang='lat' dir='ltr'>severioris</span> <span class='ocrx_word' id='word_1_224' title='bbox 300 3746 439 3823; x_wconf 83' lang='lat' dir='ltr'>exstent.</span> <span class='ocrx_word' id='word_1_225' title='bbox 486 3739 612 3814; x_wconf 77' lang='lat' dir='ltr'>Quibus</span> <span class='ocrx_word' id='word_1_226' title='bbox 636 3741 674 3803; x_wconf 90' lang='lat' dir='ltr'>de</span> <span class='ocrx_word' id='word_1_227' title='bbox 698 3743 804 3823; x_wconf 85' lang='lat' dir='ltr'>causis</span> <span class='ocrx_word' id='word_1_228' title='bbox 829 3740 867 3805; x_wconf 82' lang='lat' dir='ltr'>G.</span> <span class='ocrx_word' id='word_1_229' title='bbox 894 3741 1017 3822; x_wconf 85' lang='lat' dir='ltr'>Meyer,</span> <span class='ocrx_word' id='word_1_230' title='bbox 1041 3739 1168 3804; x_wconf 84' lang='lat' dir='ltr'>Grieoh.</span> 
     </span>
     <span class='ocr_line' id='line_1_30' title="bbox 108 3843 1172 3931; baseline 0 -23"><span class='ocrx_word' id='word_1_231' title='bbox 108 3843 268 3909; x_wconf 71' lang='lat' dir='ltr'>Gramm.2</span> <span class='ocrx_word' id='word_1_232' title='bbox 291 3868 322 3929; x_wconf 93' lang='lat' dir='ltr'>p.</span> <span class='ocrx_word' id='word_1_233' title='bbox 348 3845 399 3912; x_wconf 87' lang='grc'>82,</span> <span class='ocrx_word' id='word_1_234' title='bbox 425 3867 491 3930; x_wconf 90' lang='lat' dir='ltr'>seq.</span> <span class='ocrx_word' id='word_1_235' title='bbox 517 3847 638 3931; x_wconf 87' lang='lat' dir='ltr'>aliique</span> <span class='ocrx_word' id='word_1_236' title='bbox 669 3846 866 3910; x_wconf 85' lang='lat' dir='ltr'>Ahrensiurn</span> <span class='ocrx_word' id='word_1_237' title='bbox 902 3853 1014 3910; x_wconf 88' lang='lat' dir='ltr'>contra</span> <span class='ocrx_word' id='word_1_238' title='bbox 1047 3853 1172 3909; x_wconf 87' lang='lat' dir='ltr'>senten-</span> 
     </span>
     <span class='ocr_line' id='line_1_31' title="bbox 107 3952 1171 4037; baseline 0.001 -23"><span class='ocrx_word' id='word_1_239' title='bbox 107 3954 185 4015; x_wconf 91' lang='lat' dir='ltr'>tiam</span> <span class='ocrx_word' id='word_1_240' title='bbox 211 3952 417 4037; x_wconf 92' lang='lat' dir='ltr'>protulerunt</span> <span class='ocrx_word' id='word_1_241' title='bbox 441 3976 503 4016; x_wconf 94' lang='lat' dir='ltr'>non</span> <span class='ocrx_word' id='word_1_242' title='bbox 529 3955 575 4016; x_wconf 88' lang='lat' dir='ltr'>ita</span> <span class='ocrx_word' id='word_1_243' title='bbox 600 3975 666 4016; x_wconf 86' lang='lat' dir='ltr'>reru</span> <span class='ocrx_word' id='word_1_244' title='bbox 687 3975 721 4016; x_wconf 89' lang='lat' dir='ltr'>se</span> <span class='ocrx_word' id='word_1_245' title='bbox 745 3953 863 4017; x_wconf 90' lang='lat' dir='ltr'>habere</span> <span class='ocrx_word' id='word_1_246' title='bbox 887 3954 985 4017; x_wconf 92' lang='lat' dir='ltr'>immo</span> <span class='ocrx_word' id='word_1_247' title='bbox 1006 3975 1083 4017; x_wconf 88' lang='lat' dir='ltr'>vero</span> <span class='ocrx_word' id='word_1_248' title='bbox 1107 3975 1171 4016; x_wconf 89' lang='lat' dir='ltr'>orn·</span> 
     </span>
     <span class='ocr_line' id='line_1_32' title="bbox 105 4058 1174 4143; baseline 0.003 -23"><span class='ocrx_word' id='word_1_249' title='bbox 105 4079 164 4121; x_wconf 87' lang='lat' dir='ltr'>nes</span> <span class='ocrx_word' id='word_1_250' title='bbox 187 4058 362 4122; x_wconf 90' lang='lat' dir='ltr'>Dorienses</span> <span class='ocrx_word' id='word_1_251' title='bbox 387 4061 571 4143; x_wconf 88' lang='lat' dir='ltr'>antiquiore</span> <span class='ocrx_word' id='word_1_252' title='bbox 596 4069 740 4143; x_wconf 89' lang='lat' dir='ltr'>tempore</span> <span class='ocrx_word' id='word_1_253' title='bbox 769 4083 789 4143; x_wconf 80' lang='grc' dir='ltr'><strong>η</strong></span> <span class='ocrx_word' id='word_1_254' title='bbox 822 4067 854 4124; x_wconf 90' lang='lat' dir='ltr'>et</span> <span class='ocrx_word' id='word_1_255' title='bbox 885 4085 920 4141; x_wconf 88' lang='lat' dir='ltr'>o,</span> <span class='ocrx_word' id='word_1_256' title='bbox 949 4061 1125 4123; x_wconf 87' lang='lat' dir='ltr'>recentiore</span> <span class='ocrx_word' id='word_1_257' title='bbox 1148 4081 1174 4123; x_wconf 83' lang='grc' dir='ltr'>ει</span> 
     </span>
     <span class='ocr_line' id='line_1_33' title="bbox 105 4167 1174 4251; baseline 0.003 -25"><span class='ocrx_word' id='word_1_258' title='bbox 105 4172 140 4228; x_wconf 89' lang='lat' dir='ltr'>et</span> <span class='ocrx_word' id='word_1_259' title='bbox 163 4189 196 4229; x_wconf 88' lang='lat' dir='ltr'>ou</span> <span class='ocrx_word' id='word_1_260' title='bbox 227 4167 455 4250; x_wconf 88' lang='lat' dir='ltr'>pronuntiasse</span> <span class='ocrx_word' id='word_1_261' title='bbox 484 4176 581 4251; x_wconf 91' lang='lat' dir='ltr'>atque</span> <span class='ocrx_word' id='word_1_262' title='bbox 611 4168 782 4230; x_wconf 84' lang='lat' dir='ltr'>discrimen</span> <span class='ocrx_word' id='word_1_263' title='bbox 814 4169 899 4230; x_wconf 87' lang='lat' dir='ltr'>inter</span> <span class='ocrx_word' id='word_1_264' title='bbox 933 4169 1110 4232; x_wconf 88' lang='lat' dir='ltr'>severiores</span> <span class='ocrx_word' id='word_1_265' title='bbox 1141 4174 1174 4229; x_wconf 89' lang='lat' dir='ltr'>et</span> 
     </span>
    </p>
   </div>
   <div class='ocr_carea' id='block_1_9' title="bbox 0 0 1460 5018">
    <p class='ocr_par' dir='ltr' id='par_1_9' title="bbox 0 0 1460 5018">
     <span class='ocr_line' id='line_1_34' title="bbox 0 0 1460 5018; baseline 0 0"><span class='ocrx_word' id='word_1_266' title='bbox 0 0 1460 5018; x_wconf 95' lang='lat' dir='ltr'> </span> 
     </span>
    </p>
   </div>
  </div>
 </body>
</html>
