2946 5018
742 510 898 563 ..5-

288 686 454 773 Epidauro
479 685 640 753 oriundos.
687 687 845 751 Homines
878 685 965 750 docti
1000 688 1193 751 recentiores
1228 709 1267 750 ex
1301 687 1354 751 his

290 796 497 873 testimoniis,
510 815 548 858 ex
563 794 651 858 cultu
668 793 859 878 Aesculapii
881 792 947 859 Coa
959 795 992 857 in
1010 793 1117 857 insula
1135 792 1245 858 eodem
1263 793 1361 858 modo

289 902 424 967 florente
442 908 539 986 atque
552 901 709 985 Epidauri
722 907 820 985 atque
835 922 874 964 ex
888 901 1073 964 nominibus
1094 899 1260 964 hominum
1272 900 1359 964 loco·

288 1030 423 1094 rumque
447 1030 530 1093 quae
545 1007 671 1071 insulae
688 1005 773 1071 Coae
798 1028 870 1071 cum
889 1005 1059 1071 Thessalia
1082 1009 1149 1070 sint
1172 1008 1358 1071 communia

288 1113 492 1198 collegerunt
516 1112 661 1176 Achivos
685 1134 724 1176 ex
741 1112 913 1176 Thessalia
936 1113 1075 1197 primum
1100 1114 1229 1177 venisse
1252 1115 1286 1176 in
1310 1116 1359 1176 in-

289 1221 394 1286 sulam
411 1218 511 1285 Goam
528 1220 641 1283 deinde
656 1218 830 1283 Dorienses
847 1242 886 1283 ex
901 1219 979 1283 urbe
992 1218 1166 1304 Epidauro.
1184 1221 1223 1285 cf.
1238 1218 1360 1284 Strabo

289 1352 320 1414 p.
345 1327 420 1392 653.
445 1324 479 1391 O.
526 1326 576 1389 De
604 1325 661 1389 his·
684 1325 931 1410 quaestionibus
955 1326 994 1389 cf.
1019 1326 1124 1391 Paton
1153 1325 1216 1389 and
1241 1326 1359 1407 Hicks,

290 1434 571 1518 Theinscriptions
585 1434 620 1498 of
629 1431 691 1497 (los
703 1433 820 1498 introd.
834 1455 865 1517 p.
880 1431 957 1496 XV.
971 1455 1060 1517 seqq.
1074 1440 1107 1497 et
1120 1455 1150 1517 p.
1165 1433 1358 1514 344-3483

290 1540 517 1622 Wilamovitz,
541 1539 660 1622 Isyllos
676 1562 740 1617 uon
757 1538 941 1624 Epidauros
965 1562 996 1623 p.
1022 1540 1064 1604 55
1088 1561 1188 1625 seqq,
1212 1539 1360 1620 Bechtel‚

288 1645 407 1711 Nachr.
432 1644 462 1710 d.
480 1643 629 1729 Gottiug.
648 1644 723 1710 Ges.
749 1645 779 1711 d.
805 1646 904 1710 Wiss.
932 1647 1018 1712 1890
1042 1671 1072 1732 p.
1098 1647 1141 1710 34
1165 1668 1253 1731 seqq.
1272 1647 1358 1712 Utut

291 1774 342 1816 res
375 1775 410 1816 se
442 1751 552 1833 habet,
588 1773 628 1815 ex
661 1752 770 1816 titulis
805 1751 880 1817 Cois
916 1751 1064 1817 videmus
1099 1750 1182 1818 Coos
1217 1752 1357 1817 dialecto
1426 1766 1432 1779 ·

289 1859 410 1923 Dorica
428 1860 586 1944 fastisque
603 1861 729 1923 Doricis
747 1881 821 1923 usos
840 1882 909 1924 esse
927 1866 1025 1944 atque
1042 1859 1198 1944 populum
1214 1859 1356 1924 divisum

289 1968 389 2031 fuisse
419 1968 452 2029 in
481 1965 597 2050 phylas
622 1967 769 2049 Doricae,
801 1968 918 2052 quibus
951 1975 1028 2031 sunt
1056 1968 1188 2031 nomina
1211 1962 1361 2050 Δυμᾶνες,

285 2067 405 2151 ‘atlete
435 2082 468 2138 et
495 2071 662 2159 Πάμφυλοι
689 2079 788 2159 atque
816 2073 1016 2138 sollemniter
1046 2073 1260 2138 celebravisse
1288 2072 1357 2137 dies

289 2181 390 2245 festos
422 2180 630 2244 Doriensium
660 2182 807 2266 proprios
837 2180 954 2265 quibus
986 2203 1102 2244 nomen
1138 2179 1273 2264 Κάρνεια
1305 2180 1358 2243 vel

290 2288 435 2372 Καριείαι
467 2287 536 2352 scil.
560 2280 671 2372 ἡμέραι
701 2294 780 2353 erat.
827 2286 953 2351 Deinde
986 2309 1025 2351 ex
1049 2289 1247 2351 testimoniis
1276 2289 1359 2350 satis

290 2396 456 2480 cognitum
488 2400 557 2477 est,
582 2394 693 2457 urbem
718 2391 816 2457 Ooam
846 2397 878 2456 iu
910 2416 1043 2458 numero
1073 2415 1184 2458 earum
1215 2415 1279 2456 sex*
1302 2394 1357 2458 iel

290 2509 403 2586 postea
432 2502 574 2584 quinque
603 2500 966 2577 urbiumDoriensium
990 2501 1059 2566 scil.
1085 2501 1192 2584 Lindi,
1224 2499 1358 2583 Camiri,

289 2607 414 2690 Jalysi,
445 2605 514 2688 Coi,
546 2605 640 2671 Cnidi
664 2605 918 2693 [Halicarnassi)
943 2608 1058 2690 fuisse,
1091 2629 1173 2692 quae
1201 2609 1359 2670 societate

289 2715 330 2780 ad
346 2714 534 2799 Apollinem
552 2713 741 2798 Neptunum
759 2722 792 2779 et
808 2714 978 2800 Nymphas
1002 2716 1036 2777 in
1060 2716 1279 2798 promontorio
1304 2715 1355 2778 cui

290 2831 361 2888 erat
384 2844 500 2887 nomen
517 2819 659 2912 Τριόπιοι
682 2821 767 2885 ludis
784 2825 949 2906 sacrisque
973 2821 1123 2885 colendos
1147 2821 1354 2886 tenebantur.

291 2932 329 2995 cf.
355 2929 463 2993 Schol.
487 2927 528 2993 ad
557 2916 689 3002 Theocr.
714 2928 827 2992 XVII.
853 2929 904 2994 69.
952 2914 1047 3002 Quod
1063 2930 1183 2993 attinet
1199 2928 1239 2991 ad
1264 2949 1358 2992 casus

291 3024 399 3099 varios
428 3035 556 3098 insulae
580 3033 666 3113 Coae
691 3037 804 3120 quinto
838 3035 967 3101 saeculo
998 3036 1144 3099 videmus
1176 3056 1216 3098 ex
1239 3033 1359 3119 Herod.

291 3141 371 3206 VIl.
395 3142 437 3204 99
465 3143 499 3203 in
523 3126 729 3227 classesque
752 3143 880 3206 Xerxes
910 3128 1067 3208 Graeciae
1096 3141 1217 3205 bellum
1233 3124 1362 3206 'intulit

291 3250 391 3312 etiam
416 3248 571 3332 quasdam
595 3247 733 3329 (luorum
756 3271 856 3313 naves
880 3250 980 3312 fuisse
1007 3256 1105 3332 atque
1137 3271 1177 3313 ex
1202 3248 1360 3331 catalogis

291 3354 486 3419 tributorum
501 3355 541 3417 ab
555 3355 814 3419 Atheniensibus
828 3357 923 3418 sociis
934 3356 1095 3440 impositis
1121 3362 1256 3438 apparet
1275 3350 1359 3417 Coos

291 3462 405 3545 quinto
424 3460 552 3525 saeculo
569 3462 604 3523 in
620 3461 745 3524 dicione
765 3460 1013 3524 Atheniensium
1033 3461 1143 3523 fuisse.
1162 3464 1199 3526 ot'.
1226 3458 1260 3524 O.
1274 3460 1301 3526 I.
1316 3460 1358 3522 A.

291 3567 322 3630 I.
346 3568 411 3631 229
436 3589 523 3652 seqq.
573 3565 640 3631 Sub
663 3567 760 3631 finem
785 3567 863 3631 belli
878 3568 1145 3652 Peloponnesiaci
1168 3547 1277 3629 insula
1296 3564 1358 3630 Cos

291 3675 325 3737 in
338 3680 534 3759 potestatem
551 3673 879 3738 Lacedaemoniorum
896 3677 998 3755 venit,
1015 3674 1053 3739 cf.
1072 3674 1171 3739 Thac.
1186 3672 1284 3738 Vlll.
1300 3676 1360 3755 413

229 3826 234 3836 ·
291 3779 376 3848 Xen.
401 3781 487 3844 Hell.
511 3781 539 3844 I.
564 3780 594 3844 5.
622 3783 650 3863 1,
675 3779 731 3844 sed
754 3787 829 3865 post
852 3803 994 3866 pugnam
1012 3781 1096 3864 apud
1114 3778 1252 3844 Cnidum
1277 3801 1360 3843 com·

292 3888 424 3950 missam
443 3886 500 3954 Coi
525 3889 558 3950 iu
582 3889 695 3972 primis
712 3888 753 3951 ab
771 3886 1037 3973 Lacedaemoniis
1053 3886 1238 3950 defecerunt
1261 3894 1360 3969 atque

292 3992 332 4056 ad
356 3999 466 4077 partes
491 3993 741 4057 Atheniensium
767 3997 978 4059 transierunt.
1001 3994 1041 4059 cf.
1063 3991 1162 4058 Diod.
1184 3991 1280 4059 XIV.
1306 3993 1361 4058 84.

339 4166 340 4169 ,
382 4098 436 4164 Ad
460 4099 520 4163 hoc
544 4107 670 4184 tempus
691 4102 853 4185 pertinere
876 4099 1004 4165 videtur
1027 4100 1143 4165 titulus
1168 4099 1204 4165 P.
1231 4100 1271 4162 H.
1298 4100 1362 4165 148

291 4228 369 4270 sane
389 4207 659 4290 antiquissimus,
693 4209 748 4292 qui
783 4209 815 4270 in
846 4207 954 4270 insula
977 4205 1023 4277 Co
1047 4207 1284 4287 iuventussit3
1309 4212 1362 4272 est
