2946 5018
777 413 949 465 ..32-

333 590 373 656 ad
397 593 554 676 originem
578 591 674 655 huius
698 616 713 656 ε
736 613 793 676 pro
818 616 839 655 α
862 593 1003 676 pertinet
1026 591 1138 675 Meyer
1166 592 1187 655 l.
1212 614 1239 658 c.
1269 601 1449 658 senten-

332 700 413 763 tiam
437 699 558 783 profert
581 697 741 781 syllabam
757 722 788 783 ep
801 735 812 747 ·
825 700 859 761 in
880 698 939 763 hoc
955 699 1115 764 vocabulo
1130 705 1242 764 contra
1266 699 1441 784 linguae>-

333 803 477 869 Graecae
500 804 604 889 legem
628 826 668 869 ex
695 825 713 891 r
744 816 879 870 sonante
914 811 1018 869 ortam
1053 827 1132 872 esse.
1182 805 1215 871 J.
1240 803 1425 888 Schmidt,

332 909 449 974 Kuhns
484 909 592 975 Ztsch.
635 910 677 977 25
718 935 748 997 p.
785 910 827 977 23
862 915 958 996 putat
992 909 1181 996 paradigma
1219 913 1424 995 genuinum

332 1013 454 1102 tepeat,
477 1013 620 1102 tepente
635 1023 694 1082 etc.
713 1016 787 1080 aliis
803 1018 836 1080 in
853 1015 997 1082 Graecae
1018 1017 1150 1102 linguae
1167 1016 1318 1082 dialectis
1337 1018 1417 1083 alio

332 1125 424 1188 modo
449 1129 623 1208 aequatum
648 1145 730 1188 esse.

420 1231 470 1295 De
486 1255 500 1296 ε
516 1253 573 1316 pro
589 1233 602 1293 i
617 1230 732 1314 latina,
749 1252 832 1316 quae
849 1232 883 1295 in
898 1232 1148 1317 transcriptione
1164 1230 1417 1296 vocabulorum

331 1338 523 1403 Latinorum
547 1340 581 1401 in
605 1337 712 1403 titulis
737 1337 870 1402 Graecis
895 1361 960 1402 non
987 1358 1060 1402 raro
1091 1339 1239 1420 occurrit,
1276 1340 1416 1422 optime

331 1447 400 1529 egit
432 1450 531 1529 atque
564 1466 603 1508 ex
639 1452 756 1510 natura
787 1446 799 1507 i
830 1444 939 1508 brevis
974 1443 1107 1529 linguae
1139 1443 1280 1509 Latinae
1315 1445 1414 1511 hano

331 1551 492 1616 scribendi
527 1553 684 1616 rationem
720 1551 912 1643 explanavit
943 1551 1174 1636 Dittenberger
1204 1551 1344 1616 Hermes
1370 1554 1406 1618 6.

331 1679 362 1742 p.
391 1658 451 1722 131
477 1677 568 1741 seqq.

420 1761 561 1846 Τεβερίου
586 1763 663 1826 Ρ.Η
698 1763 774 1829 250.
800 1765 830 1828 5.

827 1940 856 2006 3.
883 1965 900 2006 ι.

420 2087 510 2149 apro
535 2090 549 2130 ε
579 2067 764 2129 invenimus
796 2067 831 2129 in
859 2066 1018 2131 vocabulo
1050 2066 1133 2131 ἱστία
1156 2067 1191 2128 P.
1208 2065 1250 2132 H.
1276 2067 1330 2131 37.
1354 2067 1395 2130 20

331 2176 364 2235 et
386 2173 568 2256 quinquies,
587 2169 732 2248 Ἱστιαῖος
756 2172 791 2239 Ρ.
807 2173 847 2237 Η.
872 2174 938 2236 404
962 2195 991 2239 a.
1016 2174 1035 2236 9
1061 2178 1094 2236 et
1117 2172 1233 2254 semel;
1259 2179 1294 2236 at
1310 2171 1394 2238 ἑστία

330 2278 365 2341 Ρ.
380 2277 424 2340 Η.
450 2279 502 2342 37.
527 2280 579 2344 48.
613 2278 703 2353 Quae
728 2301 799 2343 cum
824 2302 874 2343 res
898 2283 1070 2365 praecipue
1094 2283 1127 2342 in
1144 2280 1221 2343 Iade
1239 2287 1393 2359 occurrat,

330 2384 509 2448 verisimile
544 2391 595 2449 est
628 2385 686 2449 has
721 2388 841 2450 formas
874 2389 1064 2452 auctoritati
1096 2386 1227 2451 dialecti
1258 2386 1392 2452 Jonicae

330 2512 400 2555 esse
430 2491 629 2555 tribuendas.
658 2493 697 2556 cf.
727 2491 767 2556 G.
798 2494 922 2578 Meyer,
946 2494 1074 2558 Griech.
1101 2492 1262 2558 Gramm.²
1286 2517 1316 2578 p.
1342 2493 1392 2558 69.

418 2620 428 2661 ι
452 2619 509 2683 pro
534 2624 550 2664 o
566 2602 705 2664 occurrit
721 2600 771 2664 bis
796 2603 829 2663 in
847 2599 954 2665 titulis
972 2599 1220 2665 recentioribus:
1237 2597 1393 2665 δυσαλικτ’

329 2703 365 2767 P.
379 2705 420 2773 H.
446 2705 521 2772 218.
546 2707 576 2788 9,
601 2705 749 2792 Σινφέρου
772 2706 810 2773 Ρ.
835 2707 874 2772 H.
900 2706 978 2771 202.

823 2994 852 3071 a.
877 2990 908 3052 2.

656 3138 711 3208 De
738 3139 911 3209 cocullam
941 3139 1059 3227 longis,

822 3328 850 3389 1,
873 3313 905 3391 ᾱ.

723 3453 765 3518 Α.
791 3465 811 3518 'a
835 3453 997 3535 genuina.

416 3574 545 3639 Doridis
570 3601 591 3640 α
616 3576 757 3660 longam,
782 3579 833 3640 cui
857 3578 888 3638 iu
915 3575 1053 3642 dialecto
1074 3578 1190 3642 Jonica
1213 3603 1244 3662 η,
1267 3579 1302 3640 in
1326 3578 1394 3641 dia-

327 3683 409 3746 lecto
435 3683 548 3746 Attica
570 3705 590 3766 η
615 3688 648 3746 et
671 3707 692 3746 α
716 3682 921 3767 respondent,
955 3685 1131 3767 genuinam
1156 3682 1300 3748 Graecae
1330 3684 1392 3747 lin·

326 3811 410 3873 guae
433 3810 503 3851 esse
527 3789 670 3852 vocalem
696 3792 937 3873 comparatione
953 3789 1138 3874 linguarum
1155 3792 1235 3854 satis
1252 3796 1392 3857 constat.

326 3895 499 3958 Invenitur
523 3920 544 3959 α
567 3895 664 3980 longa
687 3897 720 3959 in
746 3898 846 3981 stirpe
870 3896 1101 3961 vocabulorum
1126 3898 1215 3961 etin
1239 3898 1393 3962 termina-

326 4000 470 4065 tionibus
494 4001 720 4066 declinationis
744 4005 778 4066 in
801 4027 834 4067 α.
881 4003 921 4066 In
946 4005 1047 4088 stirpe
1079 4004 1311 4090 permultorum
1336 3987 1394 4069 vc-

326 4108 512 4173 cabulcrum
540 4095 743 4173 arationem
767 4110 866 4174 habet
886 4132 957 4173 curn
983 4110 1150 4175 vocalibus
1174 4094 1196 4174 ἆ
1223 4118 1256 4175 et
1280 4135 1313 4190 o,
1337 4112 1392 4174 sed
