2946 5018
768 504 945 555 ..14-

320 704 404 747 corr.
429 635 504 746 hell.
532 683 572 746 16
597 704 627 766 p.
660 682 721 746 162
749 703 839 766 seqq.
886 682 1021 766 Recepit
1054 702 1126 743 eum
1158 683 1242 744 inter
1273 680 1392 745 titulos

325 787 410 854 Coos
442 788 575 853 Bechtel
606 788 647 852 D.
666 788 695 852 Ι.
725 789 821 854 3532.
869 787 972 851 Valde
1003 786 1174 851 dolendum
1208 794 1273 869 est,
1299 787 1392 871 quod

327 893 579 977 emendationes,
603 915 684 979 quas
708 892 764 958 dat
788 893 846 959 Th.
871 892 1030 975 Reinach,
1051 892 1165 956 Revue
1193 891 1248 955 des
1277 892 1393 956 dtudes

324 1023 481 1086 grecques
515 1002 545 1067 5.
578 1025 609 1087 p.
646 1002 710 1066 253
752 994 850 1064 1892’
883 999 1083 1063 Beohtelium
1115 999 1285 1084 fugerunt,
1317 1021 1392 1063 oum

327 1108 392 1173 rh..
411 1107 555 1173 Reinach
581 1115 697 1192 ectypo
721 1107 890 1171 chartaceo
911 1109 1004 1169 nisus
1029 1105 1148 1170 multos
1176 1104 1263 1170 locos
1293 1105 1394 1169 huius

328 1214 680 1296 tituli'emendaverit3
707 1216 737 1277 in
763 1215 868 1295 indice
892 1213 1077 1276 mendorum
1111 1213 1394 1276 emendationibus

321 1325 395 1386 >eius
419 1343 496 1385 usus
521 1317 609 1403 sum3
634 1323 672 1387 cf.
699 1343 771 1406 pag.
796 1320 850 1386 25,
875 1342 963 1404 seqq.

336 1487 337 1490 ,
415 1429 555 1515 Tempus
586 1429 683 1492 huius
714 1427 807 1494 tituli
838 1427 966 1512 poffer
997 1427 1018 1490 l.
1052 1449 1078 1492 c.
1111 1449 1149 1490 ex
1183 1429 1253 1511 ipso
1291 1426 1393 1490 titulo

320 1535 427 1599 ferme
462 1535 620 1598 definivit.
667 1533 743 1609 Qua
776 1555 848 1598 cum
883 1538 915 1596 in
938 1535 1158 1618 inscriptione
1188 1534 1395 1615 instituatur,

328 1648 364 1704 ut
388 1643 444 1725 qui
467 1663 558 1705 sacra
583 1641 695 1705 offerre
719 1642 800 1704 iussi
826 1643 902 1720 sint,
926 1662 963 1704 ea
995 1639 1132 1705 offerant
1155 1634 1317 1707 Ποτειδᾶνι
1341 1637 1398 1704 καὶ

333 1746 398 1813 Κῶι
419 1747 472 1812 καὶ
490 1746 603 1814 ‘Po'bor
624 1747 656 1810 id
680 1754 731 1811 est
754 1749 906 1833 Neptuno
931 1756 965 1812 et
991 1748 1134 1811 heroinis
1163 1747 1216 1810 vel
1240 1747 1396 1831 nymphis

323 1855 507 1919 insularum
533 1853 591 1919 Coi
615 1862 648 1919 et
672 1854 788 1938 Rhodi,
813 1854 942 1940 'P'opffer
969 1855 1029 1919 bao
1057 1877 1096 1927 ex
1120 1852 1226 1919 Rhodi
1254 1875 1394 1918 comme·

329 1963 510 2026 moratione
534 1962 666 2047 collegit
689 1960 772 2027 Coos
794 1968 873 2026 tunc
896 1964 928 2024 in
953 1961 1117 2046 potestate
1145 1967 1243 2045 atque
1266 1958 1395 2024 dicione

323 2068 560 2132 ,Rhodiensium
577 2069 687 2149 fuisse,
705 2090 776 2132 cum
794 2069 956 2153 nymphae
975 2070 1071 2132 huius
1088 2067 1213 2130 insulae
1229 2087 1319 2130 sacra
1338 2067 1395 2131 ob.

327 2177 401 2239 lata
424 2178 505 2258 sint,
525 2176 563 2241 of.
588 2175 717 2260 Topffer
740 2175 761 2241 l.
786 2197 812 2239 c.
835 2177 868 2260 p.
892 2175 966 2240 425.
993 2174 1065 2248 Qua
1082 2175 1119 2238 de
1137 2178 1298 2260 potestate
1314 2194 1395 2237 sane

329 2282 412 2346 nihil
436 2284 667 2365 certissimus,
697 2283 752 2345 sed
776 2282 956 2346 verisimile
983 2283 1121 2368 tempori
1149 2281 1190 2344 ab
1218 2302 1303 2344 anno
1330 2281 1394 2344 189

322 2387 368 2451 ad
392 2409 511 2450 annum
534 2389 601 2453 167
625 2410 654 2453 a.
681 2387 754 2452 Chr.
779 2411 811 2453 n.
838 2387 1009 2453 tribuenda
1033 2397 1093 2471 est,
1122 2411 1194 2452 cum
1218 2408 1302 2450 anno
1331 2387 1393 2453 189
1425 2369 1427 2373 A

329 2495 494 2558 Romanos
517 2493 758 2558 Rhodiensibus
782 2517 838 2581 pro
863 2494 985 2558 auxilio
1016 2498 1049 2557 in
1082 2493 1166 2558 bello
1197 2502 1289 2578 gesto
1320 2513 1395 2556 eum

323 2601 492 2666 Antiocho
508 2623 583 2686 rege
600 2601 700 2666 allato
717 2605 841 2686 gratias
859 2604 964 2686 egisse
980 2623 1099 2686 eosque
1120 2603 1254 2685 imperio
1271 2601 1396 2684 Lyciae

327 2707 510 2792 Cariaeque
546 2709 718 2772 donavisse
753 2711 834 2772 satis
868 2711 1033 2794 cognitum
1067 2711 1119 2774 sit.
1171 2709 1253 2771 Tum
1285 2715 1395 2786 autem
1468 2734 1470 2738 ’

326 2819 429 2880 etiam
448 2814 596 2879 Ooorum
610 2837 676 2879 rem
699 2816 863 2900 publicam
886 2818 921 2878 in
944 2803 1143 2901 potestatum
1160 2815 1395 2878 Rhodiensium

331 2925 462 2987 venisse
494 2923 623 3008 Topffer
661 2929 766 3006 putat.
818 2922 898 2987 Cum
934 2931 1042 2987 autem
1074 2922 1275 2986 Rhodienses
1308 2920 1394 2985 bello

332 3026 461 3093 Persico
478 3031 636 3113 ancipites
660 3051 694 3093 se
710 3030 903 3113 praeberent
919 3029 1139 3112 Romanisque
1159 3029 1278 3092 bellum
1300 3031 1394 3090 mini·

330 3141 489 3219 tarentur,
512 3139 575 3199 nisi
600 3150 711 3220 pacem
737 3158 808 3199 oum
833 3137 949 3200 Perseo
973 3158 1048 3220 rege
1072 3137 1223 3216 facerent,
1243 3137 1284 3197 iis
1308 3134 1395 3198 bello

306 3243 456 3306 ‘Persico
481 3242 620 3327 perfeeto
645 3242 686 3305 ab
704 3243 859 3306 Romanis
882 3243 1052 3325 imperium
1076 3241 1198 3324 Lyciae
1215 3240 1395 3325 Cariaeque

330 3369 439 3410 rursus
464 3347 648 3432 ademptum
674 3355 732 3415 est.
770 3350 852 3413 Tum
877 3350 974 3412 etiam
992 3347 1130 3412 (loorum
1147 3370 1213 3410 rem
1230 3347 1394 3431 publicam

326 3454 514 3518 vlibertatern
539 3477 649 3518 rursus
673 3463 877 3520 consecutam
903 3477 973 3519 esse
990 3455 1167 3519 verisimile
1183 3460 1242 3517 est.
1267 3452 1395 3527 Quibus

302 3606 303 3609 ,
330 3583 369 3623 ex
394 3564 499 3625 causis
524 3561 633 3625 allatis
658 3562 740 3625 hano
764 3564 1019 3647 inscriptionem,
1043 3564 1075 3624 in
1099 3583 1162 3645 qua
1179 3557 1285 3624 Rhodi
1301 3584 1394 3644 nym-

328 3667 412 3752 phae
436 3690 527 3733 sacra
551 3670 704 3733 instituta
729 3672 806 3750 sint,
830 3670 870 3732 ad
894 3669 953 3734 hoc
981 3677 1108 3752 tempus
1136 3667 1210 3732 inde
1239 3669 1280 3732 ab
1309 3670 1394 3731 anno

336 3775 397 3838 189
421 3775 460 3838 ad
485 3798 605 3838 annum
633 3776 694 3840 167
719 3775 917 3840 referendam
941 3797 1011 3839 esse
1035 3775 1163 3862 To'pffer
1187 3776 1395 3859 sagacissime

327 3883 478 3947 coniecit.

419 3989 564 4053 Titulum
588 3993 621 4055 P.
637 3990 677 4055 H.
695 3990 750 4072 43,
772 3991 806 4053 in
825 4013 887 4074 quo
911 4011 1046 4075 pompae
1063 3991 1096 4052 in
1113 3989 1265 4053 honorem
1282 4009 1395 4074 regum

331 4095 600 4178 Pergamenorum
636 4095 792 4160 Eumenis
825 4102 858 4160 et
881 4096 989 4160 Attali
1019 4098 1053 4158 in
1085 4094 1194 4159 insula
1218 4092 1262 4158 Co
1292 4096 1396 4159 factae

323 4213 633 4286 commemorantur,
669 4198 808 4268 editores
836 4209 939 4267 morte
963 4204 1048 4288 regis
1073 4202 1181 4267 Attali
1204 4202 1250 4266 Il.
1275 4221 1305 4266 a.
1334 4201 1397 4266 138
