2858 5018
702 1338 877 1439 Caput
904 1338 1008 1413 IV.

419 1518 494 1594 De
527 1517 930 1594 declinatione
959 1517 1283 1594 verborum.

799 1928 818 2004 s
842 1924 895 1988 aa

658 2073 712 2143 Dc
741 2074 1048 2144 terminationibus

408 2242 440 2328 1)
463 2242 513 2306 De
536 2245 634 2308 tertia
657 2265 795 2328 persona
819 2246 902 2331 sing.
926 2246 1106 2330 praesentis
1130 2244 1311 2308 indicativi.

468 2389 496 2432 a.
526 2369 625 2433 verba
657 2372 749 2435 ἑτι-ω
778 2370 860 2434 nihil
889 2370 1050 2457 peculiare
1083 2370 1215 2435 habent.

526 2469 675 2562 ἀγοφεύει,
698 2471 768 2544 iniat
791 2485 851 2542 etc.

468 2600 499 2666 b.
526 2601 627 2665 verba
650 2604 683 2664 in
709 2626 743 2688 μι
765 2603 920 2667 exhibent
943 2604 1204 2668 terminationem
1218 2624 1280 2682 -τι,
1304 2618 1376 2684 quae

528 2708 602 2772 aliis
630 2710 665 2772 in
700 2709 847 2775 dialectis
883 2712 1016 2775 transiit
1042 2712 1156 2787 in·cr;
1185 2709 1377 2794 Bragmann,

528 2814 658 2880 Griech.
685 2815 827 2884 Gramm.
855 2819 888 2880 in
912 2818 943 2883 J.
960 2816 1096 2882 Miillers
1116 2814 1300 2880 Handbuch
1322 2811 1379 2878 Hp

528 2943 560 3006 p.
587 2921 660 2989 146.
854 2973 857 2979 ,

525 3027 630 3095 δίδωτι
654 3030 690 3095 Ρ.
714 3030 755 3093 Η.
784 3024 835 3097 13.
861 3030 912 3096 353.

404 3171 440 3256 2)
476 3171 620 3235 Tertiam
656 3191 826 3255 personam
860 3173 942 3255 sing.
974 3170 1174 3255 conjunctivi
1205 3170 1241 3232 in
1270 3168 1381 3254 lingua

315 3274 442 3340 Graeca
465 3284 593 3360 praeter
617 3278 946 3361 terminationem-p
970 3279 1070 3342 etiam
1093 3277 1326 3341 terminatione
1349 3298 1381 3359 -η

315 3403 451 3468 err-pr
487 3384 533 3446 uti
568 3383 661 3448 docet
696 3384 894 3469 Bragmann‚
930 3383 1108 3448 Grundriss
1140 3383 1186 3447 Il.
1220 3406 1250 3468 p.
1289 3383 1380 3463 1290,

314 3487 457 3574 dicitque
480 3490 577 3554 huius
601 3493 647 3554 rei
671 3493 860 3556 testimonia
884 3514 923 3555 ex
954 3491 1061 3556 titulis
1084 3491 1245 3555 Arcadiae
1269 3488 1381 3574 Cypri-

315 3619 377 3681 que
401 3595 508 3661 afferri
531 3618 635 3682 posse.
668 3598 778 3661 Etiam
802 3600 837 3661 in
860 3598 968 3663 titulis
985 3597 1060 3662 Cois
1083 3597 1162 3662 haec
1185 3595 1381 3681 conjunctivi

313 3703 417 3766 forma
440 3705 618 3768 invenitur.
654 3704 743 3779 Quas
768 3706 886 3768 formas
911 3728 975 3768 non
1000 3727 1072 3769 cum
1091 3705 1236 3788 Meyero,
1253 3703 1380 3769 Griech.

314 3808 476 3874 Gramm.2
499 3834 529 3896 p.
555 3811 597 3875 86
622 3833 659 3897 eo
684 3811 776 3874 modo
801 3811 1008 3896 explicandas
1032 3833 1113 3892 esse,
1137 3817 1174 3874 ut
1198 3810 1383 3894 isnbscrip-

313 3923 384 3980 tum
408 3919 565 3982 omissum
590 3921 634 3982 sit
658 3940 697 3982 ex
721 3940 816 3982 aare
841 3925 987 4003 apparet,
1013 3916 1097 4002 qnod
1127 3919 1192 3982 iam
1217 3919 1251 3980 in
1276 3917 1381 3982 titulis

314 4025 420 4106 quinti
449 4046 477 4090 a.
503 4023 577 4090 Chr.
602 4049 632 4091 n.
662 4025 783 4089 saeculi
813 4025 874 4088 hae
901 4026 1024 4089 formae
1053 4031 1242 4094 occurrunt„
1279 4024 1320 4088 In
1344 4027 1383 4090 ti·

313 4128 383 4192 tulo
407 4128 596 4194 Mantineae
619 4133 754 4195 invento
780 4133 845 4214 qui,
878 4129 962 4214 quod
996 4151 1035 4192 ex
1064 4129 1247 4194 litterarum
1280 4130 1383 4195 forma

315 4235 433 4320 collegi
467 4239 589 4321 possit,
625 4237 666 4301 ad
701 4260 803 4303 annos
839 4238 1040 4307 ooo-450
1070 4239 1196 4303 circiter
1229 4240 1383 4323 pertinet,
