2858 5018
753 520 930 573 ,66-Ὶ

312 695 351 759 ad
376 692 500 776 κλεινός,
522 698 711 780 praesertim
736 718 807 761 curn
830 698 927 761 etiam
953 697 1032 762 haec
1055 701 1196 763 nominis
1217 699 1321 763 forma
1342 701 1375 762 in

309 801 416 868 titulis
449 800 523 867 Cois
546 803 751 867 inveniatur:
783 803 912 880 Κλεῐνος
942 803 977 866 P.
1002 805 1043 870 H.
1076 807 1117 869 10
1147 827 1173 870 o.
1203 805 1224 868 2
1255 814 1289 870 et
1316 806 1375 872 bis.

308 908 400 984 Quae
430 911 515 974 ratio
544 911 588 973 sit
614 912 700 974 inter
731 910 790 974 has
822 910 902 975 duas
935 913 1048 996 stirpis
1080 913 1199 977 formas
1231 916 1320 999 κλην-
1344 922 1376 978 et

307 1020 399 1082 κλειν-
421 1039 507 1081 nuuc
536 1017 680 1082 breviter
709 1017 936 1102 inquirendum
966 1025 1025 1083 est.
1074 1018 1223 1100 Curtius,
1247 1018 1377 1085 Griech.

306 1123 466 1208 Etymol.⁴
489 1146 518 1207 p.
548 1124 610 1189 150
634 1131 728 1209 putat
750 1121 863 1200 κλεινός
877 1130 991 1188 natum
1015 1146 1085 1188 esse
1109 1147 1148 1190 ex
1172 1129 1317 1189 κλο-ιν-
1331 1124 1377 1207 ός;

307 1228 486 1313 quomodo
510 1228 570 1293 bac
593 1230 717 1293 ratione
740 1229 843 1293 forma
867 1229 986 1294 Dorica
1008 1230 1126 1315 κληνός,
1151 1253 1248 1316 quam
1282 1255 1377 1296 nemo

306 1341 393 1399 certe
427 1335 468 1398 ab
496 1334 599 1398 forma
630 1333 743 1411 κλεινός
774 1339 917 1421 separari
949 1337 1040 1420 velit,
1074 1338 1230 1422 explicari
1260 1341 1377 1423 possit,

304 1443 400 1528 plane
429 1464 494 1505 non
526 1441 692 1526 intellego,
724 1465 796 1507 oum
820 1464 860 1506 ne
884 1446 918 1506 in
934 1444 1054 1508 Doride
1075 1445 1202 1528 quidem
1232 1467 1377 1529 unquam

304 1564 398 1623 ε-Ι-ι
430 1551 465 1612 in
495 1574 514 1634 η
546 1548 788 1614 contrahantur.
850 1551 934 1614 Tum
963 1553 1062 1615 etiam
1095 1553 1198 1629 forma
1231 1549 1379 1628 κλεεννός,

304 1679 403 1742 quam
426 1655 564 1740 legimus
589 1653 673 1739 apud
697 1654 873 1718 Pindarum
893 1657 990 1740 Pyth.
1008 1658 1038 1722 4.
1063 1657 1140 1739 280,
1165 1657 1194 1721 5.
1224 1657 1275 1722 19.
1301 1657 1377 1722 huie

304 1762 515 1847 explicationi
539 1762 657 1827 obstat.
705 1761 757 1824 Ex
780 1764 904 1827 neutris
930 1765 1046 1828 tertiae
1079 1761 1310 1828 declinationis
1343 1766 1378 1827 in

304 1891 350 1946 -ος
372 1867 534 1953 adjectiva
564 1867 743 1952 adjectione
773 1868 919 1952 syllabae
949 1891 1012 1946 -νος
1037 1869 1170 1933 formari
1199 1890 1293 1932 nemo
1327 1881 1385 1935 est

305 1978 360 2061 qui
384 1977 518 2058 nesciat,
530 1965 573 2039 'ut
589 1976 671 2039 satis
687 1977 731 2038 sit
747 1975 893 2059 exempla
912 1974 1069 2061 quaedam
1086 1968 1213 2041 afferre:
1237 1973 1392 2060 ἀλγεινός

304 2082 344 2147 ad
376 2078 477 2166 όίλγος,
508 2078 616 2166 όρειοός
645 2081 685 2144 ad
714 2077 791 2166 όρος,
825 2081 976 2158 οκοτοινός
1010 2082 1049 2145 ad
1083 2081 1200 2158 σκότος.
1248 2083 1380 2148 Eodem

302 2189 396 2254 modo
420 2188 461 2252 ad
483 2190 597 2264 κλέὲος
620 2194 698 2272 puto
722 2188 895 2252 formatum
920 2210 989 2253 esse
1005 2188 1201 2274 adjectivum
1225 2188 1392 2257 *salefac-

304 2295 362 2377 νός,
379 2297 461 2381 quod
485 2299 519 2359 in
537 2295 657 2360 Doride
674 2317 712 2359 ex
733 2296 860 2382 legibus
877 2296 972 2360 huius
990 2296 1120 2361 dialecti
1139 2299 1173 2359 in
1189 2296 1389 2384 ιὶξκλοῐηοος,

305 2403 458 2490 luituros,
481 2400 589 2485 κληνός
617 2409 849 2466 commutatum
882 2409 941 2466 est.

390 2528 543 2611 Hobsrvrp
569 2529 603 2592 Ρ.
622 2527 661 2591 H.
686 2527 759 2592 335.
778 2528 808 2608 3,
833 2527 978 2593 teobaudi
995 2532 1028 2594 P.
1048 2529 1088 2592 H.
1107 2528 1181 2590 335.
1204 2527 1239 2610 ὃς
1258 2551 1381 2612 quam-

303 2655 398 2718 quam
423 2633 616 2696 vocabulum
651 2630 747 2708 rtc‘bot
778 2654 903 2716 semper
933 2655 1036 2717 genus
1060 2634 1194 2699 mascul.
1223 2636 1376 2716 exhibet,

300 2747 408 2802 tamen
434 2762 473 2803 ex
497 2761 533 2802 eo
558 2730 667 2803 eodem
692 2738 785 2802 modo
810 2747 907 2823 atque
932 2762 971 2803 ex
992 2743 1117 2804 neutris
1141 2742 1240 2816 ἰη-ος
1264 2743 1372 2826 adjec·

300 2849 405 2910 tivum
436 2845 576 2922 ποῖἳεινός
598 2845 780 2909 derivatum
804 2853 863 2912 est.

389 2964 602 3058 {blnjoplsivug
626 2970 661 3035 P.
686 2970 727 3032 H.
753 2970 826 3036 384.
853 2972 883 3034 3.

388 3093 572 3176 διανειμότω
597 3098 630 3159 Ρ.
658 3094 698 3159 Η.
724 3094 775 3158 34.
801 3095 854 3158 49.

391 3235 472 3314 ξένος
488 3260 525 3300 ex
544 3236 668 3313 ξένΡοςι
693 3237 844 3300 Formam
862 3238 1049 3321 primariam
1067 3234 1176 3313 ξενΡος
1199 3239 1232 3298 in
1254 3238 1362 3322 singu-

297 3344 338 3407 lis
362 3343 507 3407 dialectis
532 3345 700 3407 transiisse
717 3346 749 3405 in
774 3342 881 3422 ξέννος,
898 3339 995 3427 innoc,
1018 3341 1111 3419 ξεῖνος
1136 3348 1168 3405 et
1185 3340 1268 3418 ξένος
1284 3344 1362 3408 satis

297 3453 461 3535 cognitum
493 3457 551 3541 est.
600 3451 640 3512 In
670 3450 779 3524 titulis¹
809 3449 884 3514 Cois
914 3471 952 3512 ex
982 3448 1113 3513 Doridis
1149 3449 1277 3531 legibus
1311 3471 1363 3512 ex·

299 3564 481 3642 spectamus
505 3558 641 3620 formam
666 3554 753 3642 ξήνος
769 3557 822 3619 vel
846 3555 950 3634 ξεῖνος;
975 3555 1070 3619 huius
1096 3579 1121 3620 ει
1137 3562 1246 3618 autem
1264 3558 1362 3619 vesti-

295 3666 351 3750 gia
366 3663 461 3747 plane
485 3686 549 3726 non
567 3662 791 3744 inveniuntur}
808 3664 907 3726 immo
923 3683 999 3727 vero
1020 3662 1119 3746 stirps
1144 3660 1363 3746 {ev-sexagies

294 3779 344 3834 ter
356 3772 389 3832 in
407 3770 591 3833 nominibus
610 3768 818 3856 appellativis
839 3792 888 3834 ex.
905 3792 952 3853 gr.
971 3767 1109 3853 πρόξενος
1125 3771 1207 3832 etin
1224 3771 1362 3831 nomini-

294 3878 354 3942 bus
378 3873 516 3963 propriis
541 3900 590 3939 ex.
615 3900 663 3961 gr.
688 3874 851 3960 Τιμόξενος
874 3877 1010 3961 legitur,
1035 3898 1106 3939 cum
1131 3876 1230 3939 semel
1258 3876 1361 3940 solum

295 3986 394 4067 stirps
419 3981 477 4059 ξειν
491 4020 501 4031 -
516 3991 662 4047 occurrat
685 3984 718 4044 in
744 3983 902 4046 vocabulo
927 3980 1046 4070 Ξεῐνός]
1072 3983 1108 4046 Ρ.
1125 3982 1167 4044 Η.
1187 3983 1228 4045 10
1250 3982 1281 4047 b.
1307 3983 1359 4047 44.

293 4090 364 4152 lam
391 4091 470 4152 satis
496 4091 629 4172 antiquo
653 4097 797 4174 ternpore
822 4095 938 4173 quarto
963 4091 1090 4165 circiter
1114 4089 1242 4153 saeculo
1266 4089 1359 4153 Dori·

294 4196 364 4258 dem
402 4193 499 4258 Onam
537 4196 671 4258 formam
708 4196 802 4258 huius
840 4197 991 4262 vocabuli
1019 4196 1166 4261 Atticam
1202 4198 1359 4284 recepisse
