2910 5018
571 486 735 539 <65-

133 665 135 669 ’
197 662 456 749 Verbibqbopur
477 666 512 727 in
536 664 643 728 titulis
660 663 735 729 Cois
760 664 908 750 exempla
928 671 1059 730 exstant
1081 665 1177 733 haee:

105 772 242 857 δήληται
265 771 302 836 Ρ.
318 771 360 834 Η.
383 770 435 836 28.
461 771 492 851 6,
518 770 577 853 34,
594 771 626 839 4.
650 769 725 835 384.
754 771 804 850 17,
828 769 991 856 δηλόμενος
1015 773 1049 837 Ρ.
1068 773 1109 836 Η.
1137 775 1180 837 10

107 899 138 941 a.
165 880 196 961 8,
219 878 381 962 δηλομέναι
404 877 440 940 Ρ.
457 877 499 940 Η.
524 877 596 943 386.
624 878 652 940 6.

141 1091 142 1094 ¹
199 1000 293 1076 Quod
316 1024 389 1066 oum
406 1000 540 1064 verbum
564 1000 598 1064 in
622 998 761 1066 dialecto
777 1000 890 1065 Ionioa
905 1008 939 1065 et
955 1002 1078 1086 Attica,
1096 1026 1178 1088 quae

108 1108 150 1170 ad
176 1106 328 1172 Doridem
353 1106 479 1170 insulae
504 1110 588 1174 Coae
617 1127 768 1192 magnam
792 1108 859 1171 vim
891 1107 1084 1194 habuerunt,
1114 1134 1179 1176 non

111 1221 268 1296 exstaret,
291 1215 325 1277 in
349 1213 457 1277 titulis
475 1211 550 1277 Cois
574 1237 594 1298 η
617 1213 714 1277 huius
730 1214 823 1278 verbi
848 1221 978 1280 servata
1001 1238 1071 1282 esse
1093 1217 1178 1282 vide·

108 1329 180 1403 tur3
218 1321 321 1385 forma
352 1320 484 1387 δειλεται
514 1327 622 1385 exstat
659 1323 693 1383 in
734 1320 871 1385 dialecto
902 1321 1048 1408 Dephioa
1080 1332 1178 1408 atque

110 1428 277 1492 Locrensi.
317 1426 411 1501 Quod
435 1429 555 1492 attinet
579 1425 778 1491 adverbum
802 1427 949 1512 βούλομαι
971 1435 1005 1492 et
1020 1431 1179 1496 voeabula

108 1535 257 1599 derivata
272 1531 374 1614 βουλά,
395 1531 524 1616 βουλεύω
544 1539 604 1599 eto.
621 1535 655 1597 in
673 1533 780 1599 titulis
797 1532 872 1599 Oois
890 1556 940 1600 res
962 1536 1059 1620 plane
1083 1538 1179 1603 aliter

109 1663 145 1704 se
162 1641 276 1722 habet3
302 1667 325 1706 ω
342 1641 498 1706 exhibent
514 1640 618 1705 solum
634 1641 766 1704 nomina
785 1643 916 1726 propria
930 1636 1066 1728 Βωλιχος
1082 1645 1117 1710 P.
1137 1645 1178 1708 Η.

108 1748 164 1811 54.
189 1748 209 1810 2
232 1756 267 1812 et
290 1748 343 1814 59.
370 1749 398 1829 1,
422 1747 536 1823 Βώλιος
563 1748 600 1810 Ρ.
625 1747 665 1812 Η.
691 1748 743 1811 60.
769 1748 799 1829 7,
831 1769 914 1832 quae
944 1752 1109 1833 pertinent
1139 1751 1179 1815 ad

110 1852 222 1939 βουλή,
245 1853 284 1918 of.
302 1853 437 1938 Beohtel
461 1854 525 1917 und
542 1854 636 1935 Fiok,
662 1852 792 1919 Grieoh.
810 1854 942 1923 Prsnn.²
965 1880 994 1941 p.
1013 1856 1066 1924 81.
1092 1858 1179 1923 Reli-

108 1982 193 2044 quae
217 1961 338 2024 formae
362 1981 473 2025 omnes
496 1985 529 2025 ou
552 1959 727 2024 exhibent:
752 1959 897 2046 βούλομαι
920 1960 956 2029 P.
984 1968 1021 2030 H.
1046 1964 1121 2032 319.
1147 1967 1178 2047 5,

10 2082 16 2089 ’
110 2064 206 2146 βουλά
229 2067 266 2130 Ρ.
284 2066 325 2132 Η.
353 2068 380 2129 1.
408 2071 424 2130 1
451 2074 484 2131 et
505 2088 671 2151 persaepe,
692 2064 921 2152 Ἀριστόβουλος
945 2070 980 2132 Ρ.
998 2069 1039 2133 Η.
1062 2070 1126 2136 386
1150 2072 1178 2138 Ι.

108 2173 154 2237 22
185 2181 219 2238 et
248 2175 360 2254 ooties,
384 2171 587 2258 Κριτόβουλος
620 2172 654 2238 P.
682 2173 722 2240 H.
748 2175 800 2237 54.
827 2174 844 2236 7
870 2180 928 2240 eto.
975 2175 1129 2242 Fortasse
1154 2202 1177 2242 o

108 2281 144 2342 in
168 2278 309 2343 no'minis
332 2279 471 2364 propriis
495 2278 633 2362 Βώλιχος
656 2286 689 2343 et
712 2280 828 2356 Βώλιος
851 2303 890 2344 ea
912 2303 947 2345 re
974 2283 1177 2365 servabatur,

106 2385 193 2469 qnod
217 2386 308 2471 origo
332 2407 441 2448 eorum
467 2387 644 2451 recentiore
668 2392 812 2471 tempore
837 2386 1012 2452 obliterata
1036 2396 1117 2456 erat.

198 2509 415 2593 ἐπαγγείλαντι
439 2510 475 2577 P.
501 2510 541 2572 Η.
566 2510 640 2574 387.
665 2513 692 2576 1.

200 2632 439 2711 annaeum<
462 2635 497 2700 P.
523 2635 563 2700 H.
589 2635 641 2698 13.
666 2635 718 2700 26.

200 2755 334 2823 ἀνέτειλε
357 2759 393 2822 Ρ.
418 2760 459 2824 H.
488 2759 560 2822 137.
586 2759 616 2823 3.

198 2883 288 2967 χίλιοι
315 2883 352 2946 Ρ.
375 2884 417 2950 H.
445 2884 483 2948 12
509 2907 537 2948 a.
568 2885 607 2948 21
640 2892 673 2948 et
704 2892 769 2968 ter3
801 2886 904 2950 forma
934 2887 1048 2953 Attica
1079 2888 1176 2954 huius

107 2990 261 3054 vocabuli
284 2992 318 3053 in
335 2991 484 3055 omnibus
508 2991 616 3055 titulis
633 2994 871 3077 antiquioribus
896 2996 1048 3078 ooourrit3
1073 2997 1176 3062 forma

106 3096 215 3180 χειλιοι
240 3098 274 3160 Ρ.
291 3097 333 3161 H.
357 3099 411 3161 94.
435 3101 456 3162 4
481 3106 514 3162 et
541 3099 611 3162 129.
638 3100 657 3163 9
692 3100 853 3166 scribendi
882 3104 1002 3167 rationi
1026 3128 1051 3168 ει
1074 3093 1176 3190 proi,

107 3208 250 3289 quaein
275 3206 381 3271 titulis
405 3209 480 3271 aevi
508 3209 739 3292 imperatorum
771 3230 925 3294 persaepe
955 3213 1095 3278 ooourrit
1117 3214 1175 3276 tri·

107 3311 238 3375 buenda
262 3318 321 3375 est.

583 3460 600 3502 e
689 3489 696 3502 .

198 3549 275 3644 ἦμεν
298 3558 333 3623 P.
350 3558 391 3622 H.
416 3561 443 3622 1.
461 3559 480 3622 8
498 3567 531 3624 et
547 3439 716 3625 duridebies
742 3581 781 3624 ex
805 3561 922 3646 *espen
945 3540 1054 3647 ἐξῆμεν
1080 3565 1114 3628 Ρ.
1131 3565 1174 3628 Η.

110 3665 152 3730 10
177 3685 205 3730 a.
231 3664 273 3729 36
298 3670 331 3728 et
354 3668 463 3732 semel.

593 3826 611 3888 d
651 3850 698 3890 uu:

196 3947 366 4035 Leguntur
388 3950 423 4012 in
446 3948 553 4014 titulis
578 3825 653 4014 cois
677 3954 809 4014 nomina
831 3950 1048 4038 Κλην-αγόρας
1072 3955 1107 4019 P.
1131 3954 1174 4021 H.

108 4055 152 4119 10
175 4075 202 4120 e.
219 4056 263 4121 30
279 4061 313 4120 et
336 4057 520 4140 quinquies,
544 4056 658 4141 Κληνιό
678 4057 712 4124 P.
731 4057 771 4120 H.
798 4059 860 4123 368
878 4058 925 4122 Π.
942 4061 985 4124 49
1010 4068 1043 4124 et
1065 4060 1174 4127 semel.

104 4161 251 4260 Beohteln,
276 4161 405 4228 Grieoh.
431 4164 563 4227 Prsnn.²
585 4188 617 4250 p.
645 4164 706 4232 169
731 4166 800 4229 iure
825 4165 954 4250 quidem
979 4190 1017 4232 ea
1045 4175 1175 4233 revocat

1052 4301 1068 4353 5
