2946 5018
527 533 704 587 „19-

84 719 174 801 gusti
209 716 413 801 imperatoris
449 711 657 778 attribuenda
691 716 787 776 esset.
842 709 947 785 Quam
977 709 1149 773 Newtonis

79 825 280 888 sententiam
316 823 381 885 iam
405 822 509 885 Paton
538 821 650 904 rejecit
680 817 789 883 dicens
816 817 944 881 Niciam
976 818 1010 879 in
1041 815 1149 880 titulis

80 932 119 995 P.
134 931 175 995 H.
202 929 344 1012 76-80,
370 929 483 1013 quiin
507 927 662 990 honorem
685 926 800 989 Niciae
823 925 957 1007 tyranni
984 929 1070 988 certe
1094 946 1148 1007 po·

79 1040 142 1102 siti
166 1043 243 1099 sunt
261 1059 324 1099 non
341 1035 444 1099 filium
460 1033 569 1100 Νικίου
585 1031 641 1117 sed
657 1031 758 1095 filium
777 1031 889 1116 populi
904 1026 966 1096 olda
981 1033 1036 1096 τοῦ
1052 1028 1150 1115 δάμου

78 1142 262 1227 appellari3
288 1163 351 1226 qua
375 1140 413 1204 de
438 1161 536 1204 causa
552 1138 651 1202 alium
669 1139 797 1202 Niciam
821 1139 855 1200 in
879 1138 939 1200 hcc
954 1136 1148 1201 titulocom·

80 1252 256 1314 memorari
280 1249 410 1314 statuit.
455 1247 591 1332 Majoris
615 1246 695 1309 mihi
723 1246 879 1310 momenti
906 1243 941 1308 id
968 1265 1038 1308 essa
1061 1242 1149 1308 vide·

76 1365 150 1437 tur,
175 1355 260 1441 quod
282 1356 467 1420 litterarum
490 1355 612 1418 formae
628 1375 692 1417 non
716 1353 886 1436 patiuntur
909 1351 1041 1416 titulum
1057 1353 1094 1418 P.
1107 1351 1148 1415 H.

77 1465 104 1528 9
129 1465 232 1528 aetati
255 1462 399 1547 Augusti
422 1462 534 1527 tribui.

174 1570 214 1634 In
249 1570 403 1634 honorem
439 1568 584 1653 Augusti
623 1568 828 1653 imperatoris
866 1567 1037 1650 compositi
1075 1573 1152 1630 sunt

76 1677 176 1742 tituli
199 1677 235 1742 P.
250 1678 291 1743 H.
321 1676 463 1741 81-83.
509 1674 563 1738 Ad
593 1674 678 1738 idem
707 1682 836 1758 tempus
867 1675 1032 1758 pertinent
1061 1673 1152 1738 tituli

78 1788 120 1850 P.
134 1783 177 1846 Η.
202 1784 279 1864 344,
303 1782 465 1847 decretum
490 1784 524 1845 in
548 1781 700 1846 honorem
718 1780 836 1850 Isidori
851 1779 1151 1863 medicicuiusdam

78 1898 118 1954 et
142 1890 177 1957 P.
191 1889 233 1952 H.
261 1891 325 1954 104
349 1897 382 1954 et
409 1890 487 1970 1053
512 1888 546 1951 hi
569 1887 660 1952 tituli
684 1894 763 1952 sunt
778 1887 1032 1972 subscriptiones
1049 1893 1151 1952 statu·

79 2019 178 2060 arum
202 1997 380 2062 victoribus
412 1994 790 2080 quibusdam—nomen
822 1996 856 2057 in
891 2003 1027 2078 utroque
1055 1993 1152 2060 titulo

80 2127 151 2167 non
180 2111 345 2168 exstat—
371 2104 568 2186 positarum3
604 2124 676 2166 cum
711 2103 746 2164 iu
780 2101 879 2165 titulo
903 2101 939 2167 P.
953 2101 994 2168 H.
1032 2102 1094 2165 104
1118 2105 1152 2168 C.

81 2209 207 2274 Caesar
231 2212 286 2294 qui
317 2230 402 2274 anno
426 2232 457 2293 p.
487 2207 560 2274 Chr.
585 2232 616 2271 n.
649 2209 753 2292 primo
779 2208 951 2292 proconsul
980 2210 1014 2272 iu
1038 2208 1152 2273 Asiam

81 2319 178 2381 venit
206 2325 483 2398 commemoretur,
516 2315 720 2400 intellegitur
750 2315 790 2378 ad
821 2315 880 2379 hoc
910 2323 1039 2400 tempus
1070 2316 1153 2380 hanc-

81 2425 331 2508 inscriptionem
354 2423 554 2486 referendam
579 2443 664 2504 esse3
695 2423 730 2487 P.
746 2422 788 2485 H.
815 2423 877 2485 105
906 2421 948 2486 ad
975 2422 1059 2485 idem
1088 2422 1153 2486 iere

82 2536 215 2614 tempus
246 2531 396 2613 pertinet.
433 2529 469 2594 P.
481 2529 522 2592 H.
550 2530 589 2592 75
619 2530 818 2612 conscriptus
853 2536 904 2594 est
933 2531 968 2591 in
1000 2529 1153 2594 honorem
1235 2570 1237 2572 -

87 2635 231 2700 Herodis
254 2636 445 2702 tetrarchae.

176 2742 217 2805 Iu
253 2741 350 2806 titulo
388 2742 423 2805 P.
447 2741 488 2805 H.
525 2742 586 2806 391
623 2739 775 2826 Caligula
808 2744 985 2826 imperator
1020 2765 1154 2806 comme·

84 2855 243 2915 moratur.

178 2954 411 3040 Aesculapium
436 2952 606 3019 Caesarem
624 2953 830 3040 (Ἀσκλαπιός
844 2957 981 3042 Καῖσαρ)
1002 2958 1036 3019 in
1057 2955 1154 3021 titulo

88 3060 126 3127 P.
145 3062 187 3128 H.
211 3061 283 3127 130
315 3067 599 3126 commemoratum
631 3083 701 3125 esse
726 3060 896 3126 Claudium
922 3045 1154 3148 imperatorem

86 3189 128 3231 ex
156 3167 255 3231 titulo
280 3167 315 3233 P.
333 3168 374 3233 H.
404 3168 456 3250 92,
491 3170 547 3252 qui
580 3168 774 3252 subscriptio
806 3175 934 3232 statuae
958 3169 1155 3254 Aesculapio

85 3271 221 3337 Caesari
245 3295 265 3336 a
289 3271 323 3339 C.
342 3273 498 3338 Stertinio
514 3276 736 3359 Xenopositae
760 3297 830 3338 esse
848 3275 986 3356 videtur,
1011 3286 1153 3361 apparet.

86 3380 192 3454 Quem
218 3403 289 3444 cum
316 3379 351 3445 C.
369 3380 562 3446 Stertinium
579 3382 830 3467 Xenophontem
853 3382 1011 3447 medicum
1029 3382 1156 3448 Claudii

85 3483 295 3570 imperatoris
318 3488 418 3552 fuisse
442 3491 523 3551 satis
548 3496 684 3568 constet,
708 3489 803 3553 facile
827 3495 963 3575 apparet
986 3489 1153 3554 Claudium

87 3594 150 3657 hoc
172 3595 303 3656 nomine
327 3594 512 3679 significari.
552 3596 591 3658 cf.
616 3596 752 3676 Dubois,
785 3596 869 3658 Bull.
900 3596 938 3660 de
970 3620 1048 3663 corr.
1081 3597 1155 3662 hell.

90 3701 202 3785 V.·p.
238 3699 414 3765 468-416
450 3701 503 3764 Un
543 3702 685 3766 mddecin
725 3703 763 3766 de
801 3703 991 3787 l’empereur
1024 3702 1155 3767 Claude.
1196 3685 1203 3691 ³

92 3802 244 3888 Σεβαστὰ
261 3805 340 3873 Ῥέα
363 3810 395 3870 iu
420 3809 518 3872 titulo
542 3813 577 3875 P.
596 3810 636 3875 H.
665 3811 726 3873 119
755 3816 1005 3873 commemorata
1030 3810 1157 3874 videtur

86 3937 161 3978 esse
184 3914 370 4000 Agrippina
399 3938 479 3978 uxor
504 3915 709 3997 Claudiiof.
739 3917 775 3982 P.
796 3917 836 3981 H.
871 3938 943 4002 pag.
977 3918 1047 3983 148.
1096 3919 1157 3982 De-

88 4027 215 4084 cretum
247 4022 281 4082 in
311 4018 439 4084 Claudii
470 4021 622 4084 honorem
653 4028 703 4084 est
734 4022 769 4088 P.
790 4023 831 4085 H.
865 4022 939 4084 393.
986 4023 1026 4085 ln
1051 4024 1158 4087 titulis

89 4127 186 4193 P..H.
216 4128 270 4206 46,
303 4127 434 4192 84-93
463 4135 497 4192 et
528 4128 592 4194 345
626 4130 766 4192 occurrit
798 4150 914 4192 nomen
944 4128 978 4195 C.
1009 4129 1158 4195 Stertinii

86 4234 320 4319 Xenophontis
344 4233 459 4298 medici
484 4233 612 4298 Claudii
640 4257 738 4318 supra
766 4239 1018 4303 commemorati.
1066 4237 1101 4299 P.
1117 4238 1156 4300 H.
