2910 5018
529 526 703 579 ...69-

82 724 163 768 euna
186 724 243 767 sex
267 703 335 767 fere
358 703 543 768 litterarum
567 707 621 770 sit.
654 704 763 771 Aliter
786 704 825 769 de
847 705 907 772 hoe
930 705 1002 770 loeo
1027 704 1148 770 iudica·
1212 790 1213 793 Ἴ

81 816 197 874 verunt
220 810 314 875 Prott
337 816 371 874 et
393 811 525 895 Ziehen,
550 811 656 896 Leges
678 810 874 877 Graecorum
900 832 1010 880 sacrae
1026 812 1056 876 Ι.
1074 834 1148 897 pag.

80 916 121 980 20
143 923 178 981 et
200 916 257 1000 22,
287 918 433 984 scribunt
463 917 572 1006 κην1εῐ]
603 918 715 1006 glossa
741 919 900 1004 Hesychii
930 916 1050 1004 κηνούει
1072 920 1094 983 i.
1121 941 1147 985 e.

81 1024 141 1088 ἐκεῖ
163 1025 239 1088 nisi.

168 1149 205 1233 2)
231 1147 311 1213 Cum
336 1151 436 1214 erasis
452 1152 538 1215 inter
555 1150 727 1215 articulum
752 1156 786 1215 et
809 1172 926 1214 nomen
942 1149 1038 1236 plane
1059 1171 1149 1212 num·

79 1276 173 1338 quam
196 1258 387 1341 reperiatur,
410 1256 549 1342 legimus
573 1278 655 1342 quae
679 1264 874 1341 sequuntur:

167 1374 223 1434 τοι
241 1367 439 1460 ’Auertere
464 1373 500 1436 P.
525 1357 635 1440 1110
658 1395 686 1439 a.
713 1373 742 1439 3.

168 1469 361 1555 ἇάνοίῖῖεσις
384 1478 425 1544 D.
451 1479 479 1545 I.
505 1479 602 1546 3619.
632 1480 663 1563 9,
693 1473 715 1544 ἁ
744 1479 892 1564 ἐκκλησία
914 1480 949 1545 P.
974 1478 1016 1544 H.
1041 1479 1071 1543 ὃ.
1095 1477 1155 1560 22,

82 1575 290 1668 ἁέπαγγελία
312 1588 347 1651 Ρ.
372 1586 413 1649 Η.
441 1587 482 1650 10
505 1607 534 1649 a.
561 1586 613 1652 34.
689 1639 691 1641 .

168 1689 223 1756 τᾶι
240 1686 380 1758 Ἀἳῖοἱναι
402 1693 438 1759 P.
456 1693 497 1758 Η.
522 1694 575 1759 34.
601 1692 655 1777 39,
679 1690 733 1758 τᾶι
757 1690 849 1758 αὗται
872 1693 908 1756 P.
930 1693 971 1758 H.
999 1693 1070 1759 104.
1098 1690 1149 1775 12,

83 1791 133 1859 ται
155 1795 313 1880 ἐκκλησίαι
337 1798 372 1862 Ρ.
397 1797 437 1864 Η.
463 1798 492 1865 2.
518 1799 538 1862 9
562 1804 596 1863 et
619 1799 729 1863 semel.

167 1896 203 1968 τὸ
227 1898 355 1989 ἄγαλμα
380 1906 413 1968 Ρ.
438 1904 479 1967 Η.
504 1906 557 1970 61.
582 1907 613 1987 4,
637 1899 672 1970 τὸ
697 1900 804 1991 ἅτερον
828 1905 863 1972 P.
888 1905 929 1970 H.
955 1905 1008 1970 38.
1047 1907 1083 1967 11
1117 1911 1151 1968 et

81 2006 140 2088 bis,
164 2002 199 2073 τὸ
225 2005 300 2074 αὐτό
323 2013 358 2075 Ρ.
382 2009 424 2075 Η.
453 2010 528 2074 367.
558 2010 612 2092 63,
640 2007 675 2076 τό
705 2010 863 2096 ἐπιχώριον
886 2010 923 2074 Ρ.
948 2009 989 2073 Η.
1020 2010 1070 2075 34.
1094 2009 1149 2089 28,

80 2111 113 2178 τὸ
137 2109 234 2200 ὄνομα
257 2115 292 2181 Ρ.
314 2115 354 2179 Η.
379 2116 454 2182 367.
479 2117 519 2180 31
546 2121 580 2181 et
602 2117 712 2200 semel,
737 2115 771 2182 τὸ
796 2113 879 2202 ὠμόν
903 2117 938 2182 P.
956 2116 996 2182 H.
1022 2116 1147 2198 38.19,

81 2215 114 2285 τὸ
137 2213 295 2306 ὡρολόγιον
319 2223 355 2290 P.
380 2224 421 2290 H.
446 2224 499 2290 57.
524 2225 554 2287 2.

166 2320 208 2392 τὰ
231 2325 426 2414 ἀναὶγήματα
447 2330 485 2394 Ρ.
509 2330 549 2396 H.
575 2331 617 2394 36
642 2331 672 2396 b.
700 2331 750 2414 12,
774 2325 816 2395 τὰ
839 2327 949 2415 ἔγγονα
975 2331 1008 2397 Ρ.
1034 2329 1077 2396 Η.
1103 2328 1147 2394 36

79 2457 107 2501 a.
131 2437 162 2498 4.
187 2431 230 2500 τὰ
253 2437 283 2500 ἐν
306 2440 341 2502 Ρ.
367 2438 407 2501 H.
435 2439 506 2501 104.
538 2439 577 2501 14
608 2447 641 2502 et
669 2439 852 2522 quinquies,
885 2462 927 2503 τα
951 2435 1087 2521 ἐνέματα
1111 2436 1146 2500 Ρ.

80 2541 119 2606 H.
148 2543 188 2608 10
213 2564 241 2608 a.
270 2543 318 2609 12.

169 2667 204 2751 3)
221 2665 335 2732 Orasin
348 2669 519 2752 patiuntur
531 2669 652 2732 formae
665 2667 767 2735 ταύτά
780 2699 824 2726 =
835 2665 876 2734 τὰ
892 2665 974 2734 αὐτοὶ
988 2672 1021 2733 Ρ.
1036 2667 1076 2733 H.
1095 2669 1147 2733 37.

27 2846 35 2858 .
80 2775 123 2838 20
146 2781 180 2838 et
202 2775 257 2857 45,
282 2775 322 2840 D.
348 2777 373 2839 l.
399 2777 485 2842 3632
510 2783 543 2841 et
576 2777 682 2841 decies
714 2778 748 2840 in
772 2777 883 2841 eodem
912 2775 1020 2857 titulo,
1045 2776 1080 2843 P.
1106 2775 1147 2840 H.

80 2882 154 2947 367.
181 2882 238 2967 543
262 2871 361 2947 τᾶλλα
384 2913 427 2939 -:
451 2881 494 2947 τὰ
517 2878 599 2948 ἄλλα
622 2884 658 2946 Ρ.
683 2884 723 2946 Η.
749 2882 824 2948 367.
852 2884 903 2949 75.

168 3008 205 3091 4)
230 3007 269 3070 In
293 3007 400 3072 titulis
425 3008 573 3072 versibus
597 3011 784 3093 compositis
809 3031 848 3072 ex
871 3029 985 3072 versus
1009 2991 1146 3071 necessi-

80 3118 148 3176 tate
172 3112 252 3176 haee
275 3115 375 3176 orasis
399 3113 547 3198 exempla
570 3114 739 3199 leguntur:

170 3213 237 3304 κᾶμ
260 3249 304 3276 =
326 3219 380 3284 καί
403 3221 433 3284 ἐν
456 3221 492 3287 P.
510 3221 551 3286 H.
568 3221 643 3288 218.
670 3222 700 3301 6,
724 3217 888 3305 κάμαυτῶι
911 3220 947 3311 P
967 3219 1078 3283 Η.58.
1098 3219 1148 3302 13,
1206 3236 1208 3239 '

80 3322 138 3409 κῆν
160 3356 205 3383 =
228 3325 282 3391 καί
305 3327 336 3390 ἐν
359 3327 395 3392 P.
420 3326 460 3393 H.
485 3327 539 3392 58.
564 3329 594 3392 6.

171 3451 373 3536 Quamquam
400 3474 496 3516 versu
520 3455 620 3516 erasis
648 3451 833 3538 postulatur
856 3459 964 3517 tamen
996 3451 1148 3515 scribitur

80 3556 134 3623 καὶ
156 3555 288 3644 ἐχάραξε
312 3558 348 3624 Ρ.
373 3557 415 3621 Η.
439 3558 513 3625 325.
541 3560 591 3624 11.

579 3790 653 3871 ee.

498 3959 552 4028 De
580 3959 727 4028 elisione.

170 4110 264 4186 Quod
287 4114 407 4177 attinet
431 4110 471 4174 ad
500 4111 667 4174 elisionem
698 4112 731 4173 in
762 4109 869 4173 titulis
898 4107 974 4173 Cois
1003 4109 1148 4174 oratione

80 4217 189 4282 soluta
219 4220 407 4306 compositis
437 4220 578 4280 maxima
609 4224 718 4281 exstat
741 4218 898 4296 varietas,
929 4238 1001 4280 eum
1026 4214 1148 4281 vocalis
