2964 5010
559 512 732 566 ..57-

100 694 219 762 adnot.
252 693 373 757 Exstat
396 694 481 757 enim
499 693 616 757 tertiae
631 711 789 776 personae
805 691 888 774 sing.
909 692 1058 775 imperat.
1075 690 1179 754 forma

93 799 238 884 Argiva
272 795 432 864 ποτελάτω
463 797 619 878 Frthner,
646 795 728 861 Rev.
763 795 900 861 arohtol.
927 796 1024 862 1891.
1054 797 1083 860 2.
1113 795 1178 879 51,

95 927 195 990 quae
220 904 261 968 ad
285 904 477 970 *rotemero
500 927 565 968 non
588 904 736 968 revooari
759 909 877 987 potest.
924 902 998 977 Qua
1021 902 1060 968 de
1079 923 1178 965 eausa

88 1011 339 1076 littllensiefen
363 1012 422 1075 has
446 1011 566 1074 formas
590 1031 701 1073 omnes
725 1010 846 1073 aoristo
863 1007 993 1072 aliunde
1017 1031 1081 1072 non
1105 1029 1178 1094 oog·

89 1119 180 1205 yrito
204 1119 330 1185 tribuit.
379 1116 639 1199 BlassKtihuer,
663 1115 793 1183 Grieoh.
819 1113 963 1181 Gramm.
992 1114 1052 1179 Bd.
1087 1118 1114 1180 l.
1145 1137 1176 1199 p.

87 1225 172 1310 641
198 1225 333 1290 Nachtr.
358 1227 554 1289 sententiam
578 1224 700 1309 profert
716 1223 851 1287 verbum
876 1219 955 1288 eheie
982 1222 1120 1313 sortasse
1143 1222 1178 1283 in

81 1330 358 1396 destinationem
382 1332 555 1396 verborum
579 1334 686 1415 ίη-μι
715 1332 884 1396 transiisse
912 1335 1011 1413 atque
1042 1329 1177 1393 formam

81 1435 225 1504 ἐλάντω
249 1439 368 1504 saetam
393 1461 464 1503 esse
488 1461 528 1502 ex
552 1438 704 1523 analogia
727 1438 849 1502 formae
873 1433 1017 1502 [στάντα.

198 1563 270 1626 Iam
305 1585 344 1626 ea
374 1563 564 1627 testimonia
595 1560 757 1626 afferenda
791 1570 878 1645 sunt,
910 1581 992 1645 quae
1023 1557 1178 1622 exhibent

98 1693 139 1733 (o
161 1691 200 1733 ex
224 1689 320 1742 u÷02

199 1786 344 1877 ἡβώντων
374 1795 410 1860 Ρ.
439 1794 479 1860 H.
503 1794 546 1860 43
577 1794 608 1859 b.
637 1795 669 1875 4,
702 1789 849 1870 συζῶντας
878 1793 914 1857 Ρ.
944 1791 985 1855 Η.
1017 1789 1092 1856 325.
1126 1789 1178 1870 13,

100 1896 241 1986 [quinos
264 1900 302 1963 P.
319 1901 360 1966 H.
378 1902 420 1964 45
437 1921 466 1965 a.
485 1903 516 1983 6,
533 1899 683 1978 νικῶντας
699 1901 734 1967 Ρ.
753 1900 794 1966 H.
813 1900 866 1965 34.
883 1899 936 1980 44,
954 1893 1179 1984 ἀντεφορῶντες

94 2003 148 2069 ΞΡ.
163 2008 205 2073 Η.
230 2007 305 2096 367.
331 2007 373 2071 89
398 2015 431 2072 et
454 2008 564 2090 semel,
590 2005 730 2092 τιμώντω
755 2008 791 2071 Ρ.
808 2006 849 2074 H.
875 2006 927 2070 37.
952 2005 1006 2088 27,
1029 2001 1179 2089 τιμῶντες

94 2111 147 2179 11³.
162 2114 204 2180 H.
229 2114 304 2180 384.
329 2115 358 2178 8.

197 2236 324 2312 Quibus
349 2260 389 2301 ex
413 2239 611 2302 testimoniis
636 2238 747 2302 allatis
764 2243 899 2322 apparet
922 2238 956 2300 in
977 2235 1085 2301 titulis
1102 2233 1177 2299 Oois

99 2344 173 2407 iam
205 2347 296 2409 tertii
320 2367 349 2408 a.
374 2344 448 2410 Chr.
473 2370 505 2408 n.
541 2346 662 2410 saeculi
686 2365 770 2418 u÷0
799 2348 832 2408 in
866 2344 1083 2410 declinatione
1110 2364 1177 2406 ver·

100 2449 219 2516 horum
246 2453 358 2517 in-oro
382 2455 415 2515 in
440 2479 463 2518 ω
487 2459 670 2518 contractas
688 2474 767 2517 esse.

196 2576 382 2661 Numquam
406 2580 439 2641 in
462 2577 582 2642 Doride
606 2592 719 2649 or-t-or
743 2579 776 2640 in
798 2562 1024 2642 {contractas
1048 2596 1118 2639 esse
1142 2576 1176 2636 iu

111 2684 215 2764 prima
238 2706 377 2767 persona
401 2686 484 2770 sing.
510 2684 603 2749 docet
626 2684 767 2766 Ahrens,
791 2683 830 2746 de
854 2681 929 2746 dial.
955 2682 1031 2748 Dor.
1053 2704 1083 2766 p.
1104 2681 1176 2746 197.

107 2785 229 2854 Exstat
252 2787 335 2855 αὐδῶ
358 2793 391 2854 Ρ.
413 2795 451 2857 H.
480 2792 552 2858 198.
579 2792 609 2857 3.

204 2894 378 2981 Vulgarem
403 2898 538 2962 formam
564 2900 662 2961 etiam
687 2897 819 2961 exhibet
842 2918 958 2960 nomen
981 2891 1178 2969 Ποσειδώνιος

112 2997 146 3065 P.
162 3001 201 3067 H.
228 3002 280 3065 62.
306 3003 340 3085 3,
365 3003 403 3066 de
435 3000 587 3070 Ποτειδαίν
621 3005 659 3069 ef.
684 3008 713 3085 ξ.
737 3003 768 3085 2,
797 3004 824 3086 1,
850 3002 887 3067 Β.
911 3001 958 3064 Π.

197 3123 309 3181 α-Ι-ο·
342 3134 406 3174 non
438 3111 642 3174 contrahitur
676 3112 709 3173 in
741 3110 910 3173 vocabulis
930 3107 1044 3173 Ἀΐδαο
1074 3108 1110 3171 Ρ.
1134 3107 1176 3171 Η.

116 3212 184 3278 218.
209 3217 240 3297 3,
266 3213 418 3302 σαόφρονα
441 3218 477 3285 P.
495 3216 536 3283 H.
561 3218 636 3283 218.
662 3218 693 3298 3,
719 3217 798 3302 φάος
820 3218 855 3282 P.
874 3218 915 3283 H.
938 3216 1011 3282 343.
1039 3218 1070 3298 5,
1095 3235 1177 3300 quae

117 3341 219 3386 omnes
251 3329 383 3388 exstant
410 3325 444 3386 in
477 3325 625 3388 versibus
657 3324 855 3395 hexametris
882 3329 916 3387 et
942 3325 976 3385 in
1003 3323 1179 3397 Λαοδικέας

116 3423 146 3491 P.
166 3428 206 3493 H.
238 3429 311 3509 156,
335 3429 539 3506 huntendona<
569 3431 605 3494 Ρ.
632 3430 672 3493 H.
702 3429 777 3496 208.
808 3431 837 3496 3.
863 3455 901 3496 αν
931 3453 989 3514 pro
1019 3455 1056 3495 αα
1080 3414 1178 3495 veihi

115 3542 217 3600 exstat
246 3537 280 3598 in
310 3538 440 3599 nomine
464 3537 601 3621 Λανδίκη
626 3537 661 3603 Ρ.
679 3537 719 3604 Η.
750 3538 821 3603 183.
848 3539 875 3600 1.
1056 3565 1058 3569 ’

198 3659 234 3742 3)
259 3682 274 3721 ε
299 3679 325 3731 ÷
353 3683 374 3723 α
396 3660 429 3722 in
458 3660 565 3724 tituhs
590 3657 665 3723 Cois
696 3659 789 3723 modo
814 3662 1066 3725 contractionem
1094 3660 1177 3743 pati·

115 3772 208 3829 untur
232 3764 325 3828 modo
349 3788 412 3829 non
438 3768 634 3833 coalescunt.
663 3768 702 3832 ef.
728 3772 748 3848 ξ
774 3769 804 3851 2,
841 3768 861 3830 2
887 3768 922 3833 B.
948 3767 993 3830 ΙΙ.
1041 3765 1176 3830 Contra·

112 3863 231 3935 huntur
259 3892 385 3955 semper
415 3875 449 3935 in
480 3875 599 3939 nomin.
633 3880 667 3937 et
698 3896 803 3941 aeuus
828 3875 911 3959 plur.
944 3880 1048 3939 neutr.
1072 3876 1178 3950 ἰα-ος

113 3973 183 4063 ς33η,
208 3979 313 4062 σκέλη,
337 3977 392 4063 ἔτη
416 3987 476 4044 ete.
494 3981 531 4046 of.
551 3986 580 4062 ξ.
601 3982 651 4064 18,
669 3990 701 4046 et
724 3984 758 4044 in
782 4003 885 4048 accus.
904 3983 988 4066 sing.
1010 3984 1176 4046 nominum

113 4079 225 4169 in-nc..
261 4083 435 4171 Θευκρσὶτη,
459 4089 554 4172 διέτη,
576 4085 683 4173 εὐσεβῆ
727 4098 769 4154 to.
794 4089 833 4157 of.
858 4094 887 4170 ξ.
909 4090 958 4154 18.
992 4090 1176 4174 Vestigium

114 4187 235 4254 formae
259 4215 324 4255 non
349 4200 533 4258 contractae
557 4201 666 4260 exstat
693 4197 726 4257 in
752 4196 909 4260 vocabulo
938 4194 1118 4282 γερεαφόρος
1139 4197 1175 4261 Ρ.
