2910 5018
697 548 888 601 „100-

263 729 298 792 71
327 727 370 810 b.‚
388 719 621 811 Ἑρμοκράτους
643 727 679 792 Ρ.
704 727 745 792 H.
769 727 845 808 226,
870 726 1060 815 [Θ]εογε’νονς
1083 730 1118 794 P.
1138 730 1178 794 H.
1195 731 1271 794 214.
1298 731 1334 811 2,

260 833 472 918 Μενεκράτους
495 856 617 895 numm.
642 833 707 898 250
731 839 764 898 et
787 833 849 916 bis,
872 833 1066 920 Νικομήδους
1089 837 1125 903 Ρ.
1151 837 1193 908 Η,
1221 839 1271 904 10.
1299 859 1330 902 a.

262 945 291 1027 1,
315 937 543 1026 Ξενοκράτοης]
568 940 605 1002 P.
630 939 671 1006 H.
696 940 769 1006 326.
798 942 827 1023 1,
850 940 1051 1031 Περιγένοης]
1076 943 1112 1006 Ρ.
1137 943 1177 1009 Η.
1206 943 1283 1009 424.
1309 936 1333 1007 2

260 1044 670 1134 οιεειιιε1,Τειμογένον[ς]
696 1047 732 1112 Ρ.
757 1046 798 1113 Η.
823 1047 898 1113 328.
922 1050 952 1115 3.

349 1153 553 1236 Quamquam
578 1152 701 1217 multae
728 1152 842 1216 harum
870 1154 1045 1218 formarum
1074 1155 1113 1219 ad
1146 1177 1330 1220 sermonem

259 1263 427 1350 vulgarem
452 1261 684 1346 pertinentium
708 1262 741 1324 in
764 1261 873 1324 titulis
890 1265 964 1326 aevi
979 1262 1121 1327 Romani
1144 1273 1330 1348 occurrunt,

259 1380 366 1437 tamen
392 1367 567 1432 nonnullae
602 1369 701 1430 etiam
731 1371 764 1431 in
796 1368 903 1433 titulis
935 1391 1019 1433 auno
1045 1391 1072 1436 a.
1098 1368 1172 1434 chr.
1196 1395 1228 1434 n.
1261 1371 1332 1437 200

259 1475 492 1543 recentioribus
516 1474 675 1558 legunter.

346 1584 397 1647 De
420 1583 572 1666 genetivo
596 1581 710 1644 horum
727 1583 894 1646 nominum
918 1584 1016 1648 iu·0u
1033 1584 1074 1647 cf.
1092 1585 1333 1648 Meisterhans²

220 1734 221 1738 =
258 1714 289 1776 p.
309 1691 371 1754 106
396 1690 453 1772 qui
475 1685 567 1766 dicit,
592 1686 674 1750 hanc
697 1689 844 1770 genetivi
866 1689 1001 1752 formam
1026 1691 1166 1753 maxime
1189 1691 1224 1752 in
1247 1692 1330 1755 titu-

258 1798 298 1860 lis
326 1797 400 1859 iude
432 1794 472 1857 ab
504 1815 588 1856 anno
613 1815 642 1859 a.
667 1790 742 1858 chr.
766 1817 797 1859 n.
823 1794 888 1859 300
922 1817 1022 1879 usque
1050 1795 1090 1859 ad
1118 1817 1234 1860 aevum
1265 1799 1329 1860 im·

258 1907 442 1989 paratorum
478 1901 665 1984 compositis
700 1902 840 1964 inveniri
873 1907 971 1986 atque
1001 1904 1036 1965 in
1067 1902 1174 1968 titulis
1205 1905 1331 1967 aetatis

257 2010 424 2074 Romanae
455 2009 623 2091 antiquam
658 2009 999 2085 terminationem-occ
1026 1997 1212 2074 restitutam
1243 2031 1327 2077 esse.

256 2117 400 2180 Exstant
422 2115 501 2178 haec
525 2115 727 2177 testimonia:

341 2218 577 2306 Ἀπολλοφάνον
601 2221 636 2284 Ρ.
667 2221 707 2284 Η.
732 2222 807 2284 333.
838 2222 868 2305 3,
895 2218 1109 2308 Ἀριστογένον
1137 2224 1173 2288 Ρ.
1204 2222 1245 2286 Η.
1270 2224 1325 2288 44.

256 2331 310 2414 25,
336 2325 586 2418 [Ἀρμοτοράνου
609 2325 645 2387 P.
672 2326 712 2391 H.
737 2327 768 2392 9.
795 2327 846 2408 19,
870 2326 1048 2412 Ζηνοφάνον
1072 2332 1106 2394 Ρ.
1126 2328 1167 2390 Η.
1192 2329 1267 2394 258.
1295 2329 1330 2408 2,

256 2433 454 2520 Μενεκράτον
473 2435 505 2498 Ρ.
521 2432 562 2497 Η.
580 2433 629 2495 13.
644 2432 686 2496 26
704 2439 737 2496 et
752 2433 827 2498 209.
842 2435 873 2514 2,
890 2436 1050 2519 Χαρμένον
1066 2435 1101 2501 P.
1115 2435 1154 2498 H.
1169 2436 1209 2499 10
1226 2435 1255 2500 d.
1269 2435 1325 2500 31.

344 2595 384 2658 In
408 2593 505 2658 titulo
529 2593 564 2658 P.
583 2591 624 2654 H.
650 2591 724 2675 346,
750 2594 815 2676 qui,
839 2594 921 2678 quod
948 2616 988 2658 ex
1012 2594 1194 2659 litterarum
1218 2596 1326 2668 forma

256 2711 289 2768 et
321 2726 331 2767 ι
361 2702 542 2786 subscripto
572 2698 655 2763 falso
687 2698 757 2762 loco
789 2702 895 2784 posito
926 2701 1074 2765 concludi
1103 2707 1212 2787 potest
1242 2723 1330 2766 aevo

255 2813 486 2894 imperatorum
518 2829 582 2870 non
610 2807 697 2890 prior
725 2814 775 2870 est
797 2809 943 2890 genetivi
963 2805 1181 2893 Ἀνδρομένεος
1202 2810 1267 2875 μῦ
1293 2815 1330 2874 et
1401 2858 1403 2861 -

255 2913 458 2998 Ξενοκράτοος
481 2937 511 2979 ν.
530 2914 550 2976 3
567 2920 749 2977 occurrunt.
797 2913 989 2978 Formarum
1017 2917 1226 2999 antiquarum
1243 2915 1326 2979 mihi

254 3024 397 3087 imitatio
422 3042 491 3085 esse
515 3018 655 3102 videtur,
680 3040 751 3083 cum
777 3042 874 3104 supra
899 3026 918 3102 ξ
947 3021 994 3086 18.
1016 3025 1028 3084 1
1049 3023 1083 3083 in
1099 3021 1196 3086 titulo
1214 3024 1327 3106 quarti

255 3151 284 3194 a.
309 3127 382 3194 Chr.
408 3152 438 3192 n.
464 3125 586 3190 saeculi
609 3127 743 3190 formam
768 3128 889 3202 οκοδεος
912 3125 1142 3192 invenerimus.

344 3235 486 3298 Dativus
509 3235 592 3316 sing.
617 3234 685 3296 exit
708 3235 804 3298 in-a.

339 3338 573 3427 Ἀριστοκράτει
595 3339 631 3405 Ρ.
657 3340 696 3406 Η.
721 3341 796 3404 416.
821 3341 853 3424 2,
886 3339 1015 3426 Εὐμένει
1038 3329 1073 3407 Ρ.
1099 3341 1140 3404 Η.
1164 3341 1207 3406 43
1231 3339 1262 3408 b.
1288 3343 1328 3426 5;

254 3452 287 3513 in
308 3445 524 3533 Ἀπολλοφάνι
547 3447 582 3511 Ρ.
607 3445 648 3511 Η.
674 3446 749 3509 327.
774 3449 794 3511 5
821 3470 830 3511 ι
852 3471 910 3533 pro
934 3472 960 3512 ει
983 3448 1145 3514 scribitur.

221 3612 224 3617 .
343 3556 570 3620 Accusativus
595 3553 680 3637 sing.
705 3556 808 3617 utitur
830 3556 1126 3641 terminatione-u.

343 3658 504 3746 Θονκράτη
529 3659 568 3724 D.
595 3659 621 3723 l.
646 3660 745 3725 3611.
771 3660 822 3743 19,
847 3659 1032 3746 Μενεκράτη
1059 3662 1092 3726 Ρ.
1118 3660 1159 3726 Η.
1184 3658 1260 3726 262.

237 3881 239 3887 ,
341 3822 381 3886 Ιη
405 3822 513 3887 titulis
537 3820 770 3885 recentioribus
794 3822 926 3885 nomina
949 3824 1079 3906 propria
1106 3823 1223 3886 tertiae
1248 3844 1323 3885 cum
1400 3853 1402 3855 >

253 3929 436 3994 nominibus
459 3930 582 4014 primae
606 3926 836 4012 declinationis
857 3930 1115 3993 commiscentur.

337 4033 565 4119 Ἀοκλητιάδει
598 4034 663 4098 dat.
700 4033 760 4118 sgl.
795 4035 830 4098 P.
865 4035 904 4100 H.
940 4035 1011 4100 158.
1042 4037 1074 4112 4,
1094 4032 1323 4121 Ἀσκληπιάδη

252 4165 317 4208 acc.
342 4141 402 4226 agl.
427 4142 463 4206 P.
487 4142 528 4204 Η.
560 4141 634 4207 313.
660 4142 696 4223 2,
733 4146 768 4203 at
797 4146 909 4204 contra
935 4133 1108 4226 Ἑρμογένη
1132 4163 1201 4206 νοο.
1237 4141 1327 4226 sing.

252 4253 293 4316 P.
313 4249 352 4312 H.
382 4248 451 4311 173,
477 4247 508 4311 2.
