2946 5018
538 564 713 616 ..43-

88 747 215 805 motam
243 748 443 826 essentque
471 742 571 805 etiam
600 743 633 804 in
659 739 779 805 Doride
809 748 879 806 arte
908 742 1056 825 quaesite
1085 742 1161 805 aevi

85 849 322 932 imperatorum
340 849 469 933 insigne
488 849 628 932 primum
645 830 886 932 maximumque
903 845 1034 913 dialecti
1047 847 1160 912 fuisse.

85 954 268 1040 Hucusque
292 955 330 1018 de
353 955 413 1019 hee
436 978 480 1022 re.

587 1119 617 1180 2.
642 1139 671 1199 η.

184 1241 254 1306 Ηοο
278 1241 348 1340 loco
372 1241 543 1306 tractanda
566 1247 617 1306 est
639 1241 750 1305 littera
773 1264 804 1325 η,
829 1263 912 1325 quae
933 1263 973 1304 ne
990 1242 1024 1303 in
1040 1239 1161 1306 Doride

82 1346 222 1434 quidem
253 1349 288 1410 in
312 1372 333 1412 οι
357 1353 575 1413 commutatur
598 1349 653 1412 sed
677 1348 782 1413 locum
807 1369 901 1412 suum
924 1354 1024 1414 tenet.

493 1544 535 1612 A.
560 1569 580 1630 η
604 1547 765 1629 genuine.

367 1686 395 1753 I.
420 1712 440 1774 η
463 1689 498 1750 in
522 1689 623 1773 stirpe
647 1687 889 1753 vocabulorum.

181 1829 330 1913 γηραλέος
360 1829 397 1891 Ρ.
415 1829 456 1892 Η.
482 1831 558 1897 419.
581 1832 612 1911 6,
632 1829 808 1915 Ἐπί-γηρις
831 1831 868 1896 Ρ.
885 1831 926 1894 Η.
956 1830 1036 1896 lOd.
1062 1829 1105 1896 30
1129 1835 1163 1894 et

81 1942 141 2000 ter
155 1937 300 2019 pertinet
316 1935 355 1999 ai
372 1933 470 2020 γῆρας
483 1937 522 2001 ef.
539 1937 651 2002 neon.
665 1937 730 2000 unc
743 1938 835 2004 uin.
847 1918 908 2001 cr.
922 1936 1095 2022 Prsnn.2p.
1108 1936 1162 2004 ce.

181 2039 301 2126 ἐπει-δή
327 2042 363 2104 Ρ.
382 2046 420 2108 Η.
450 2047 474 2105 1.
501 2043 520 2106 2
545 2049 578 2107 et
602 2053 726 2127 quater.

184 2147 262 2233 Ζηνί
282 2148 349 2213 dat.
367 2170 413 2234 sg.
433 2150 468 2214 P.
486 2151 525 2215 H.
552 2151 603 2216 37.
622 2152 665 2214 24
689 2157 722 2214 et
746 2157 875 2237 qnater3
898 2150 994 2235 nhuu
1009 2150 1043 2213 in
1060 2149 1164 2214 forma

85 2254 247 2320 omnibus
272 2253 406 2319 Graecis
430 2278 630 2320 communem
654 2263 752 2342 atque
775 2259 894 2321 formas
915 2282 936 2322 α
955 2257 1084 2342 longam
1109 2277 1162 2320 ex·

84 2362 243 2426 hibentes
276 2360 505 2446 hyperdoricas
542 2385 611 2427 esse
641 2364 758 2448 prebat
786 2363 827 2428 G.
864 2363 995 2446 Meyer,
1033 2360 1162 2427 Grieuh.

87 2467 257 2533 (drumm.2
273 2488 347 2552 pag.
365 2469 440 2534 314.
480 2469 605 2533 Deinde
629 2470 691 2534 huc
708 2473 871 2555 pertinent
886 2471 1019 2533 nemina
1035 2469 1164 2554 propria

88 2571 284 2660 Ζηνὸ-δωρος
308 2575 344 2639 P.
362 2575 402 2642 H.
430 2576 481 2640 74.
506 2578 537 2658 4,
562 2573 759 2661 Ζηνοφάνης
782 2576 819 2640 P.
836 2576 877 2640 H.
901 2576 976 2640 258.
1001 2575 1032 2656 2,
1057 2570 1164 2652 Ζῆνων

89 2683 132 2746 Ρ.
149 2681 192 2744 Η.
219 2681 292 2747 167.
316 2682 337 2745 2
362 2690 394 2746 et
417 2689 476 2747 ter.

184 2785 237 2850 Ad
260 2781 325 2870 ἤβα
357 2788 523 2871 pertinent
546 2782 675 2871 ἄνηβος
698 2788 733 2854 P.
757 2787 798 2851 H.
824 2787 867 2850 43
893 2787 923 2850 b.
957 2788 1007 2868 10,
1038 2783 1164 2871 ἔφ-ηβος

89 2893 131 2957 Ρ.
150 2892 190 2958 Η.
216 2892 258 2956 65
282 2898 315 2956 et
339 2898 464 2976 quater,
486 2885 633 2977 ἡβώντων
659 2893 692 2958 P.
711 2893 751 2959 H.
776 2893 819 2958 43
834 2893 864 2956 b.
888 2895 920 2958 4.

152 3072 156 3080 .
185 2994 206 3082 ἥ
230 2999 267 3064 Ρ.
284 2999 324 3062 Η.
349 2999 401 3065 27.
427 2998 469 3064 26
494 3007 527 3063 et
552 2999 709 3064 undecien

184 3105 373 3190 nuituixcuui
397 3105 432 3171 P.
449 3106 491 3171 H.
516 3106 545 3173 0.
577 3108 625 3173 13.

186 3212 235 3278 Ad
259 3209 422 3299 κάλ-ημαι
445 3215 587 3297 pertinet
610 3209 809 3298 unffi-rictu
835 3213 870 3279 P.
888 3212 930 3278 H.
956 3212 1007 3277 37.
1025 3213 1056 3278 0.

186 3314 279 3404 ἥμισυ
312 3321 349 3383 P.
366 3324 405 3385 H.
431 3322 484 3384 37.
508 3322 548 3383 ur
583 3321 699 3403 ethin,
730 3313 886 3404 ἡμέδιμνα
910 3320 944 3385 P.
965 3320 1003 3386 H.
1029 3321 1081 3385 39.
1114 3322 1164 3384 11.

89 3426 242 3512 ἡμίεκτον
270 3429 304 3492 Ρ.
329 3427 371 3490 Η.
396 3428 447 3494 37.
480 3428 524 3492 48
550 3436 583 3492 et
610 3430 725 3509 senice,
753 3425 871 3512 ἡμίχοα
901 3428 935 3493 P.
965 3428 1006 3493 H.
1032 3427 1083 3492 39.
1114 3427 1164 3495 15.

89 3529 277 3619 ἡμιωβέλιον
301 3534 337 3597 Ρ.
354 3534 395 3601 Η.
422 3535 495 3600 366.
524 3537 574 3597 11.

188 3634 311 3726 ἥπατος
334 3642 369 3705 P.
388 3641 429 3707 H.
455 3642 506 3706 37.
531 3642 571 3703 51
598 3663 671 3724 gen.
696 3663 744 3724 sg.
770 3640 808 3702 ad
833 3629 927 3724 ἧπαρ.

186 3741 277 3830 ἤπιος
299 3749 335 3814 Ρ.
354 3748 394 3810 Η.
420 3748 495 3814 322.
521 3748 551 3829 8,
571 3745 706 3812 Ἠπιόνα
729 3748 765 3810 Ρ.
782 3747 824 3809 Η.
849 3747 902 3812 30.
931 3747 970 3811 10
998 3750 1031 3808 et
1055 3743 1164 3810 semel.

179 3847 268 3938 Ἥρα
291 3853 327 3920 P.
345 3854 386 3918 H.
412 3855 465 3920 38.
490 3856 510 3917 5
535 3861 568 3918 et
592 3853 710 3934 seme13
729 3847 948 3935 Ἠρα-κλείδας
968 3852 1002 3917 P.
1021 3852 1062 3916 H.
1082 3852 1122 3916 10
1138 3874 1165 3916 c.

95 3962 138 4025 79
157 3965 191 4024 et
207 3966 268 4041 ter,
281 3953 466 4046 Ἡρακλεῖον
483 3961 519 4023 Ρ.
536 3960 578 4025 Η.
595 3958 648 4024 33.
666 3961 697 4041 3,
709 3953 879 4044 Ἡράκλεια
903 3959 938 4024 Ρ.
955 3957 997 4020 Η.
1020 3958 1094 4026 367.
1112 3957 1166 4041 47,

87 4061 316 4153 Ἠρά-κλειοος
338 4071 373 4133 Ρ.
391 4067 432 4130 Η.
461 4068 501 4132 10
516 4089 545 4131 a.
570 4067 613 4132 40
638 4072 671 4130 et
693 4068 803 4130 tricies
827 4066 937 4148 semel,
955 4059 1168 4151 Ἦρακλεωτίς

92 4176 133 4240 Ρ.
153 4175 197 4237 Η.
221 4175 296 4240 325.
321 4175 353 4257 2,
371 4171 534 4259 Ἡρακλῆς
557 4175 593 4240 P.
611 4173 652 4240 Η.
678 4174 720 4237 36
742 4175 770 4238 d.
800 4173 838 4238 16
863 4183 896 4238 et
920 4176 1052 4259 septies„
1074 4169 1166 4257 ‘de-

92 4287 187 4356 δοτος
210 4281 246 4346 Ρ.
264 4280 306 4347 H.
323 4279 387 4345 368
404 4281 449 4344 ΙΙ,
470 4282 509 4344 15
526 4286 559 4344 et
577 4288 701 4364 quater,
717 4273 910 4366 Ἡρό-πνῗνος
926 4280 962 4342 P.
979 4280 1020 4342 H.
1038 4280 1101 4345 368
1118 4278 1165 4342 Π.
