2858 5018
747 555 922 610 „63-

302 735 448 798 mitiores
472 733 626 800 dialectos
650 732 775 797 nullum
803 732 902 816 aliud,
934 754 1031 818 quam
1059 732 1144 818 quod
1168 733 1206 797 ad
1239 738 1372 821 tempus

303 843 454 922 attineat,
479 862 559 906 esse.

391 965 464 1042 Qua
498 966 537 1032 de
566 964 697 1031 Doridis
732 967 871 1031 mitioris
907 965 1142 1050 severiorisque
1177 967 1368 1050 quaestione

303 1080 465 1159 postremo
500 1075 620 1157 optime
660 1075 728 1159 egit
760 1073 959 1153 Johausson‚
992 1070 1031 1135 de
1066 1072 1224 1136 derivatis
1259 1072 1367 1137 verbis

303 1181 479 1245 contractis
503 1179 634 1266 linguae
657 1201 792 1264 graecae
815 1203 846 1265 p.
868 1179 909 1243 27
935 1199 1023 1264 seqq.
1041 1179 1248 1262 ostenditque
1264 1200 1367 1263 neque

303 1286 344 1351 ad
378 1286 483 1351 locum
519 1306 623 1369 neque
658 1285 698 1348 ad
734 1290 861 1369 tempus
893 1283 997 1348 solnm
1029 1284 1112 1347 hanc
1142 1285 1366 1368 quaestionem

303 1395 466 1478 pertinere
482 1391 539 1456 sed
555 1392 758 1455 vicinitatem
782 1390 924 1456 locorum
940 1390 979 1453 ad
1005 1395 1167 1454 maturum
1184 1390 1239 1454 vel
1261 1412 1367 1454 serum

302 1523 323 1584 η
345 1501 380 1563 in
404 1521 430 1563 ει
453 1505 487 1564 et
503 1521 526 1561 o
550 1499 583 1560 in
600 1521 633 1562 cu
649 1498 824 1561 transitum
841 1495 1041 1562 efficiendum
1059 1496 1195 1561 multum
1214 1495 1368 1560 valuisse.

304 1606 419 1670 Liceat
443 1604 600 1688 quaedam
624 1625 664 1668 ex
696 1605 737 1668 iis
768 1603 809 1669 ad
837 1603 972 1668 verbum
1001 1602 1114 1667 afferre
1141 1625 1173 1687 p.
1204 1603 1258 1667 27.
1309 1602 1368 1684 „ln

306 1712 436 1794 „atticis
460 1716 494 1775 et
517 1712 631 1775 ionicis
647 1708 795 1775 dialectis
818 1709 1016 1774 insularibus
1033 1711 1252 1773 maturissime
1274 1733 1289 1773 ε
1306 1715 1339 1772 et
1355 1732 1369 1772 o

307 1818 410 1902 „soni,
433 1818 584 1901 primitus
609 1819 725 1901 aperti,
755 1816 858 1880 clausi
889 1817 967 1881 facti
994 1825 1080 1881 sunt.
1128 1816 1179 1879 Ex
1202 1815 1254 1879 his
1279 1814 1371 1879 velut

307 1947 366 2008 „cx
390 1930 501 1988 centro
526 1945 581 2008 per
604 1923 723 1987 fluctus
747 1925 780 1985 in
805 1923 948 2007 orbibus,
973 1930 1010 1987 ut
1032 1925 1081 1988 ita
1108 1922 1223 2005 dicam,
1253 1922 1369 1985 fluctu·

308 2037 419 2116 „antes
448 2032 483 2093 in
513 2051 624 2094 omncs
655 2038 763 2114 partes
794 2030 873 2095 haec
900 2032 1038 2096 mutatio
1066 2028 1184 2094 diffusa
1212 2029 1371 2114 paulatim

307 2137 526 2221 „invalescere
554 2138 670 2223 coepit.
719 2134 783 2200 Sed
814 2143 1066 2202 cousentaneum
1098 2141 1148 2200 est
1178 2134 1275 2220 quod,
1309 2158 1371 2219 quo

309 2245 458 2329 „propior
474 2243 642 2308 inclinatio
660 2243 817 2328 quaedam
841 2244 962 2308 fontem
988 2245 1042 2326 sit,
1059 2264 1096 2306 eo
1113 2241 1286 2323 valentior,
1308 2264 1370 2325 quo

309 2352 491 2434 „remotior,
515 2373 552 2415 eo
576 2351 681 2414 minor
704 2351 759 2432 sit,
783 2371 820 2414 eo
845 2350 917 2434 plus
946 2351 1101 2435 temporis
1130 2347 1170 2412 ad
1198 2357 1370 2435 penetran-

309 2456 402 2539 „dom
428 2479 507 2543 opus
533 2478 613 2537 esse,
635 2460 701 2540 'f‘quo
730 2478 877 2541 quaeque
905 2457 994 2543 regio
1022 2457 1175 2519 remotior
1206 2477 1225 2518 a
1258 2461 1369 2519 centro

309 2566 401 2648 „sit.“
449 2563 520 2628 Hoc
543 2563 636 2627 modo
665 2565 787 2648 optime
822 2585 861 2627 ea
883 2584 934 2626 res
958 2562 1162 2648 explanatur,
1186 2560 1272 2645 quod
1303 2560 1369 2624 dia·
1407 2604 1423 2614 -

307 2671 410 2736 lectus
433 2670 606 2753 Laconica,
630 2669 805 2751 Messenia,
830 2668 1009 2753 Cyrenaica
1038 2676 1099 2735 etc.
1144 2692 1165 2752 η
1189 2677 1222 2733 et
1246 2693 1282 2751 ω,
1306 2668 1369 2730 dia·
1388 2707 1423 2718 -

304 2778 407 2844 lectus
430 2777 609 2840 insularum
634 2778 841 2840 Doriensium
866 2800 892 2841 ει
915 2784 948 2840 et
972 2801 1005 2841 oo
1036 2775 1181 2857 exhibet3
1211 2776 1423 2839 huctenuse

305 2883 343 2948 de
367 2884 427 2948 hac
450 2906 494 2950 re.

803 3065 822 3142 s
848 3061 876 3124 r.

740 3211 794 3281 Dc
826 3212 928 3281 cruci.

394 3362 432 3424 In
469 3361 576 3424 titulis
611 3360 685 3426 (lois
719 3364 864 3427 oratione
897 3362 1005 3426 soluta
1040 3363 1228 3448 compositis
1271 3361 1423 3429 crasiej

267 3462 269 3468 ⁸
306 3469 469 3533 rarissime
492 3469 645 3549 occurrit;
670 3469 730 3532 dici
756 3475 863 3554 potest
888 3468 1002 3534 titulos
1027 3469 1157 3533 Doridis
1180 3465 1423 3534 recentiorissj

305 3575 401 3660 plane
432 3574 473 3638 ab
507 3577 589 3637 crasi
621 3575 802 3643 abhorrere.
838 3575 878 3640 of.
914 3575 1143 3656 Meisterhans‚
1168 3573 1315 3641 Gramm.
1341 3566 1423 3638 d}

305 3689 365 3747 att.
390 3680 532 3746 Inschr.²
555 3704 585 3766 p.
610 3682 662 3748 ὃὸ.

397 3825 430 3907 1)
453 3821 508 3888 καὶ
531 3829 564 3887 et
587 3824 779 3888 vocabulum
805 3825 889 3909 quod
913 3826 1028 3910 incipit
1052 3825 1092 3888 ab
1116 3849 1137 3890 α
1162 3825 1423 3912 quadragiesfi

304 3928 360 3996 καὶ
383 3936 417 3995 et
432 3929 625 3994 vocabulum
650 3932 809 4015 incipiens
825 3932 867 3995 ab
890 3956 904 3996 ε
928 3931 1248 4017 duodequinquagies
1266 3935 1423 3998 crasiffl

306 4060 370 4101 nou
394 4039 573 4122 patiuntur.
620 4038 853 4122 Exceptionem
877 4040 980 4124 primo
1005 4048 1138 4124 aspectu
1161 4039 1268 4104 facere
1284 4040 1423 4105 vid&

305 4151 359 4210 tur
382 4141 562 4227 κην--καὶ
584 4144 614 4208 ἐν
637 4144 672 4211 P.
691 4144 732 4209 H.
757 4144 809 4210 37.
834 4144 890 4224 32;
922 4150 1044 4208 certum
1073 4150 1182 4208 autem
1216 4145 1423 4212 iudiciur‘l

305 4249 344 4314 de
368 4257 438 4315 toto
462 4250 532 4313 loco
556 4250 637 4312 ferre
668 4249 843 4331 nonlicet,
872 4273 944 4315 cum
975 4260 1049 4336 post
1076 4251 1159 4315 hanc
1182 4274 1295 4316 vocem
1325 4253 1423 4316 lan-v⁴
